2095 3459
662 204 835 241 Quaestio
864 206 983 237 xxxii
1012 209 1047 238 ct
1074 207 1175 238 XXV.
1729 205 1793 239 187

111 300 363 336 substantias
391 303 431 336 et
457 302 508 337 <le
535 302 634 346 ipsis
664 302 838 338 univoce
867 302 1138 347 praedicetur,
1176 313 1265 339 cum
1293 304 1333 339 in
1361 305 1561 345 omnibus,
1599 314 1705 349 quae
1733 314 1795 340 se-

111 360 286 395 cundum
332 361 485 396 rectam
525 360 674 396 lineam
715 362 810 397 sunt
847 362 886 397 in
925 371 1092 407 genere,
1130 362 1181 398 sit
1217 372 1286 398 res
1324 364 1491 408 generis
1527 373 1618 400 cum
1656 364 1793 409 aliquo

111 419 285 459 additol,
321 419 353 454 si
388 429 520 465 genus
554 421 617 456 est
648 421 916 465 compositum
946 431 999 456 ex
1026 421 1165 466 primis
1193 422 1413 467 principiis,
1442 423 1597 459 scilicet
1624 423 1794 459 materia

112 479 152 514 et
186 478 327 518 forma,
369 480 411 514 ut
448 479 544 515 dicit
575 479 834 520 Boethius,
861 480 998 524 Super
1023 481 1369 517 Praedicamenca
1383 484 1408 523 2,
1447 482 1706 518 manifestum
1734 483 1796 518 est

75 545 90 569 5
112 546 276 573 omnem
302 537 586 578 substantiam,
620 547 725 583 quae
754 540 818 575 est
843 539 883 574 in
911 548 1077 585 genere,
1118 549 1212 576 esse
1241 541 1510 585 compositam
1544 552 1597 577 ex
1624 541 1796 577 materia

113 598 153 632 et
177 596 320 633 forma.

252 655 573 693 Concedendum
600 659 663 694 est
690 658 810 704 igitur
836 668 910 709 per
935 659 1321 709 a<u>ct0ritatesvet
1347 660 1531 696 rationes
1559 659 1793 705 praedictas

111 715 290 752 animam
317 726 413 753 esse
441 717 709 761 compositam
737 726 791 752 ex
817 717 991 753 materia
1017 719 1058 753 et
1084 717 1225 754 forma.

282 811 453 848 Solutio
482 812 770 848 obiectorum
797 813 1105 857 <quaestionis
1132 813 1382 849 vicesimae
1409 814 1632 858 quintae>
1817 816 1866 852 D,
1883 816 2007 852 XXV.

63 901 96 926 ¹0
254 897 283 931 1.
311 895 374 931 Ad
399 896 573 941 primum
593 895 799 931 obiectum
820 895 1037 931 dicendum
1059 897 1166 941 quod
1188 895 1318 932 forma
1339 906 1422 933 non
1443 897 1506 932 est
1525 897 1795 942 compositum

111 955 163 996 id,
190 955 305 991 cuius
333 956 395 991 est
420 964 527 1000 pars.
578 954 697 991 Unde
724 954 862 990 anima
887 964 970 990 non
992 956 1056 991 est
1076 956 1210 991 homo.
1249 955 1406 992 Tamen
1432 956 1569 992 anima
1596 957 1659 992 est
1685 956 1797 1001 quid-

113 1015 207 1051 dam
233 1014 508 1060 compositum
533 1014 586 1050 ad
612 1013 818 1050 inferioris
845 1005 1017 1050 naturae
1045 1014 1343 1059 perfectionem
1365 1015 1607 1051 ordinatum.

253 1075 284 1109 2.
320 1074 382 1109 Ad
412 1074 640 1110 secundum
675 1073 894 1110 dicendum
927 1073 1036 1118 quod
1061 1083 1161 1110 vere
1189 1074 1336 1117 anima,
1363 1074 1603 1119 inquantum
1631 1075 1796 1120 spiritus

114 1134 188 1175 est,
214 1134 340 1170 habet
366 1143 462 1169 esse
490 1133 707 1178 quoddam,
747 1133 821 1169 sed
846 1133 1138 1178 incompletum
1166 1135 1207 1170 et
1232 1134 1284 1169 ad
1310 1134 1420 1170 ali-ud
1456 1134 1705 1176 inclinatum,
1745 1135 1798 1170 ad

64 1205 93 1229 15
114 1193 275 1229 tertium
309 1192 467 1229 scilicet
500 1192 844 1229 constituendum.
893 1192 1013 1229 Unde
1049 1193 1154 1229 sicut
1179 1197 1315 1229 anima
1340 1203 1424 1229 non
1450 1194 1564 1238 ponit
1590 1193 1632 1229 in
1658 1203 1798 1230 nume-

113 1262 202 1288 rum
228 1262 320 1288 cum
346 1252 524 1294 homine,
550 1251 606 1288 ita
631 1261 711 1288 nec
737 1261 831 1288 esse
860 1252 948 1288 eius
976 1262 1068 1288 cum
1095 1262 1191 1288 esse
1218 1252 1406 1289 hominis.

253 1313 285 1348 3.
312 1311 374 1347 Ad
402 1311 566 1348 tertium
593 1311 812 1347 dicendum
839 1312 948 1356 quod
975 1311 1112 1348 anima
1132 1312 1334 1357 separata,
1360 1312 1457 1348 licet
1476 1312 1517 1348 in
1531 1312 1693 1348 ratione
1717 1322 1798 1357 qua

115 1371 280 1416 spiritus
308 1371 382 1411 est,
417 1371 570 1406 habeat
596 1379 692 1406 esse
719 1371 967 1415 completum
993 1372 1142 1416 potens
1171 1371 1399 1408 subsistere
1426 1372 1516 1408 sine
1543 1381 1730 1417 corpore,
1757 1372 1797 1408 in

115 1430 310 1475 quantum
345 1431 483 1465 tamen
519 1429 666 1471 anima,
706 1430 914 1475 dependet
949 1431 990 1466 et
1024 1430 1241 1467 inclinatur
1275 1440 1352 1475 per
1377 1431 1618 1468 essentialia
1644 1441 1720 1467 sua
1746 1432 1797 1468 ad

62 1503 95 1526 πυ
115 1488 300 1533 corporis
336 1488 645 1533 perfectionem.
696 1488 793 1525 Sine
829 1498 1003 1534 corpore
1041 1485 1151 1526 enim
1176 1484 1259 1526 non
1285 1490 1412 1526 habet
1439 1500 1535 1527 esse
1563 1491 1798 1532 stabilitum,

113 1548 236 1593 plene
272 1548 312 1583 et
343 1548 532 1584 absolute
564 1547 804 1592 perfectum,
843 1549 917 1585 sed
954 1548 1031 1584 sibi
1058 1549 1123 1585 est
1155 1549 1458 1593 quodammodo
1484 1550 1719 1592 essentiale,
1757 1550 1798 1586 in

115 1608 311 1652 quantum
336 1607 474 1643 anima
500 1608 575 1648 est,
601 1616 762 1652 corpus,
789 1608 841 1643 ad
867 1608 976 1653 quod
1003 1608 1127 1644 habet
1153 1608 1420 1644 essentialem
1445 1610 1692 1654 respectum.

255 1667 287 1702 4.
314 1666 376 1703 Ad
403 1668 592 1711 quartum
617 1666 837 1702 dicendum
857 1667 965 1712 quod
987 1667 1241 1703 substantiae
1263 1667 1497 1712 spirituales
1518 1668 1706 1704 dicuntur
1726 1678 1799 1713 per

116 1735 163 1762 se
201 1725 489 1771 intelligibiles,
528 1725 624 1770 quia
662 1726 826 1770 species
866 1735 1007 1762 earum
1042 1736 1125 1762 non
1157 1726 1344 1772 indigent
1375 1726 1560 1763 abstrahi
1591 1727 1798 1763 mediante

62 1796 96 1820 25
115 1785 416 1830 phantasmate,
444 1785 549 1821 sicut
575 1784 626 1821 de
652 1785 776 1821 rebus
803 1785 1086 1830 corporalibus
1112 1785 1279 1830 planum
1306 1786 1380 1822 est.
1432 1785 1578 1822 Omnia
1607 1786 1716 1822 enim
1741 1786 1799 1822 in-

115 1843 350 1890 telligibilia,
386 1853 477 1879 cum
515 1844 795 1889 intelliguntur
830 1845 882 1880 ab
916 1844 1064 1886 anima,
1099 1854 1174 1890 per
1199 1845 1379 1890 aliquam
1403 1845 1730 1890 impressionem,
1758 1846 1799 1881 et

116 1913 200 1939 non
237 1912 312 1948 per
347 1903 573 1939 essentiam
599 1913 727 1945 suam,
763 1913 842 1939 nec
867 1913 942 1948 per
968 1903 1152 1948 speciem
1178 1896 1480 1949 phantasticam
1505 1905 1798 1951 intelliguntur,

117 1963 160 1998 ut
197 1962 293 1998 dicit
329 1962 626 1998 Avicennass.
685 1962 833 1998 Anima
868 1962 989 1998 etiam
1027 1971 1073 1998 se
1099 1962 1288 2009 intelligit
1313 1973 1388 2008 per
1413 1964 1591 2009 aliquam
1618 1964 1799 2000 similitu-

117 2021 256 2057 dinem
289 2030 546 2066 expressam,
580 2023 625 2057 ut
649 2021 747 2058 dicit
772 2021 1055 2063 Anselmus,
1093 2022 1132 2057 in
1159 2022 1408 2066 Monoloyio
1421 2025 1452 2057 4:
1495 2022 1544 2058 Et
1569 2023 1678 2067 quod
1705 2022 1799 2058 dicit

64 2097 98 2121 30
118 2080 472 2125 Philosophus,
500 2081 610 2125 quod
635 2081 677 2116 in
703 2080 766 2116 his
787 2090 894 2126 quae
915 2082 1009 2117 sunt
1029 2081 1119 2117 sine
1140 2081 1323 2123 materia,
1350 2080 1459 2117 idem
1481 2083 1545 2117 est
1564 2081 1798 2126 intelligens

119 2140 160 2175 et
192 2130 301 2183 quod
335 2138 582 2185 intelligitur,
617 2140 696 2175 hoc
723 2140 788 2175 est
814 2140 965 2176 dictum
991 2140 1134 2185 (quia)
1161 2140 1270 2184 quod
1296 2141 1375 2177 hoc
1401 2141 1523 2176 modo
1550 2140 1798 2186 intelligitur,

118 2199 181 2234 est
213 2198 467 2244 intelligibile
502 2199 728 2235 secundum
763 2200 873 2244 quod
899 2200 964 2235 est
987 2199 1029 2234 in
1055 2199 1147 2244 ipsa
1170 2208 1228 2240 re,
1267 2199 1362 2244 quia
1388 2199 1443 2235 ibi
1467 2200 1593 2235 habet
1619 2209 1715 2235 esse
1741 2199 1799 2235 in-

120 2257 361 2293 tellectuale.
411 2257 459 2293 Et
493 2257 590 2294 dicit
624 2257 991 2294 Commentator
1024 2258 1108 2294 ibi5
1146 2257 1254 2303 quod
1291 2258 1524 2294 intellectus
1562 2257 1800 2304 intelligitur

119 2316 175 2352 ibi
200 2325 274 2361 per
298 2316 570 2356 intentionem
595 2316 784 2357 univoce,
811 2316 916 2352 sicut
941 2317 1047 2353 aliae
1073 2326 1141 2353 res
1168 2316 1414 2353 intellectae.

66 2392 100 2417 35
260 2376 292 2410 5.
326 2375 391 2411 Ad
427 2375 611 2420 quintum
646 2376 864 2412 dicendum
891 2377 1001 2421 quod
1025 2376 1199 2412 materia
1224 2386 1308 2412 non
1334 2377 1459 2413 habet
1483 2378 1639 2413 tantum
1667 2377 1798 2412 diver-

120 2434 283 2470 sitatem
301 2434 344 2470 in
361 2435 545 2479 partibus
566 2435 834 2480 integralibus
856 2436 897 2471 et
916 2435 1209 2480 quantitativis.
1248 2435 1383 2478 Immo,
1411 2446 1502 2472 cum
1522 2436 1638 2481 ipsae
1658 2436 1797 2481 partes

120 2493 417 2538 quantitativae
462 2494 544 2530 sint
580 2494 886 2536 substantiales,
935 2494 1047 2539 prius
1091 2496 1186 2530 sunt
1224 2495 1450 2531 secundum
1485 2496 1674 2531 naturam
1710 2495 1798 2537 (et)

119 2552 232 2598 prius
260 2554 324 2589 est
349 2552 582 2590 differentia
606 2553 782 2598 partium
803 2553 1130 2589 substantialium
1151 2553 1347 2590 materiae
1374 2563 1496 2598 quam
1516 2553 1798 2598 quantitatum.

261 2659 281 2690 3
313 2658 448 2697 addito]
483 2659 606 2691 addita
737 2658 780 2690 20
815 2657 937 2697 habet]
973 2658 1107 2690 habeat
1238 2658 1279 2689 31
1317 2657 1463 2696 dictum]
1501 2658 1608 2695 dictu,
1644 2657 1682 2694 -Ι-
1710 2658 1795 2689 illud

121 2712 190 2744 hoc
209 2712 316 2744 modo
334 2710 558 2752 intelligitur]
583 2711 787 2747 huiusmodi
812 2711 1061 2752 intelliguntur
1157 2712 1199 2743 34
1226 2711 1463 2743 intentionem
1490 2709 1656 2749 univoce]
1683 2710 1797 2742 inten-

121 2765 263 2797 sionem
287 2765 368 2797 ince
395 2762 462 2802 (εἰσ
472 2764 500 2804 J)
738 2777 740 2779 ·

263 2859 276 2881 1
302 2860 372 2892 Cir.
403 2860 490 2900 Top.
515 2860 572 2898 IV,
601 2860 630 2892 1.
773 2858 788 2880 2
815 2859 914 2891 Com.
941 2859 982 2891 in
1008 2858 1156 2899 Por-ph„
1183 2858 1226 2890 III
1252 2857 1324 2897 (PL
1349 2858 1403 2897 64,
1432 2857 1523 2897 103).

262 2911 278 2933 3
303 2912 373 2945 Cir.
406 2912 459 2944 VI.
485 2913 581 2950 Nat„
609 2913 628 2944 8

262 2965 277 2987 4
303 2966 454 3004 Monol„
481 2966 545 2997 33:
585 2966 697 3004 „Nam
731 2966 830 2997 nulla
863 2965 1003 2997 ratione
1037 2965 1174 3006 negari.
1200 2965 1331 3008 potest,
1370 2972 1449 2995 cum
1481 2972 1583 2995 mens
1610 2963 1797 2995 rationalis

125 3027 166 3050 sc
201 3019 317 3058 ipsam
353 3019 548 3059 cogitando
581 3019 749 3059 intelligit
782 3018 977 3059 imaginem
1012 3018 1127 3058 ipsius
1162 3017 1263 3049 nasci
1295 3017 1331 3048 in
1366 3025 1434 3049 sua
1459 3015 1700 3057 cogitatione“
1728 3014 1798 3055 (PL

126 3072 203 3109 158,
231 3067 324 3113 187).
465 3070 480 3092 5
507 3071 587 3103 Scil.
610 3071 666 3107 ‚De
691 3071 831 3103 Anima
855 3071 908 3109 ΙΙῘ,
935 3079 1025 3103 com.
1056 3071 1108 3102 15.
