2095 3459
317 206 338 244 4
829 206 1007 243 Johannis
1033 206 1200 243 Pechami
1226 206 1485 247 Quaestiones.-

317 309 463 344 anima.
515 308 632 348 Quod
661 308 784 344 etiam
811 308 959 343 deceat
985 307 1061 343 Dei
1086 306 1310 343 bonitatem
1336 306 1506 348 videtur,
1539 306 1634 351 quia
1659 307 1811 342 bonum
1838 307 1901 342 est
1926 305 1989 342 sui

317 366 551 403 diffusivum
576 368 616 403 et
643 366 1027 403 communicativum
1054 367 1249 411 quantum
1276 366 1337 402 est
1378 366 1428 401 de
1468 375 1525 401 se.
1574 365 1679 411 Ergo
1718 365 1989 401 communicat

317 427 530 462 creaturae
558 426 752 471 quidquid
780 426 877 463 nata
904 426 967 461 est
993 434 1154 470 capere.

456 486 511 520 21.
550 485 650 520 Item
685 484 957 520 communiter
991 484 1043 520 ab
1083 484 1229 520 eodem
1265 485 1415 529 agente
1452 485 1515 519 est
1539 482 1669 519 forma
1696 484 1736 519 et
1762 483 1989 519 subiectum

316 544 483 580 formae.
536 544 616 580 Sed
645 553 792 588 corpus
820 544 884 579 est
911 543 1138 579 subiectum
1165 542 1333 583 formae,
1372 551 1476 587 quae
1514 543 1577 578 est
1608 543 1744 578 anima
1768 542 1988 578 rationalis.
2009 549 2024 573 5

315 603 362 639 Et
388 604 484 639 illud
510 604 744 649 generatur.
793 602 900 648 Ergo
936 602 1056 638 etiam
1083 602 1220 638 anima
1245 603 1476 648 generatur.

456 663 510 698 22.
550 662 651 698 Item
687 670 971 706 quaecumque
999 662 1093 697 sunt
1118 661 1225 696 idem
1263 661 1711 707 numero‚,educuntur
1748 661 1799 697 ab
1836 660 1990 696 eisdem

316 721 536 767 principiis.
588 720 670 757 Sed
695 730 827 766 genus
856 721 896 756 et
922 719 1155 756 differentia
1181 722 1275 755 sunt
1301 720 1408 756 idem
1435 729 1617 761 numero,
1656 720 1750 765 quia
1785 729 1915 766 genus
1946 719 1991 755 fit

316 780 559 817 differentia.
610 779 716 825 Ergo
744 780 838 815 sunt
865 780 917 815 ab
945 780 1104 815 eodem.
1154 778 1258 825 Ergo
1287 779 1390 815 sicut
1416 778 1565 815 animal
1597 780 1827 824 generatur,
1867 779 1925 815 sic
1952 780 1991 814 et

315 841 438 876 homo
465 840 698 886 generatur.
2010 843 2042 868 10

456 899 511 934 23.
539 898 636 934 Item
665 897 987 942 unumquodque
1014 898 1066 933 ab
1093 898 1240 933 eodem
1268 897 1392 933 habet
1414 906 1519 938 esse,
1546 906 1570 933 a
1591 907 1670 942 quo
1692 898 1815 933 habet
1835 896 1992 942 specifi-

317 968 408 994 cum
438 967 545 998 esse,
585 957 680 1002 quia
716 956 880 1001 species
915 957 979 992 est
1005 957 1132 992 totum
1161 965 1254 992 esse
1282 956 1593 992 individuorum.
1645 956 1725 993 Sed
1752 957 1991 1002 generatum

317 1018 441 1053 habet
479 1026 575 1053 esse
614 1026 639 1052 a
678 1016 918 1061 generante.
980 1015 1085 1061 Ergo
1126 1016 1165 1051 et
1204 1014 1441 1060 specificum
1480 1025 1586 1056 esse,
1625 1025 1723 1061 ergo
1759 1015 1991 1060 specificam

316 1075 602 1113 differentiam.

456 1136 510 1171 24.
541 1135 604 1171 Ad
622 1135 760 1171 omnia
774 1143 910 1179 paene
932 1135 1036 1170 haec
1056 1135 1298 1179 argumenta
1318 1134 1530 1170 dicebatur
1551 1134 1657 1178 quod
1680 1134 1800 1170 homo
1821 1135 1992 1179 generat
2014 1137 2043 1163 1⁵

317 1195 535 1236 hominem,
551 1194 646 1239 quia
665 1195 839 1240 generat
860 1203 1009 1238 corpus
1030 1193 1169 1229 ultima
1190 1193 1460 1238 dispositione
1482 1193 1723 1238 dispositum
1738 1194 1789 1229 ad
1805 1193 1991 1235 animam,

317 1264 397 1299 qua
412 1253 695 1299 'dispositione
721 1252 832 1289 facta
858 1252 1062 1297 quaedam
1084 1253 1147 1288 est
1167 1252 1398 1288 necessitas
1417 1251 1658 1288 infundendi
1678 1252 1853 1288 animam
1873 1252 1993 1288 ratio-

318 1314 463 1350 nalem.
490 1335 535 1338 -—
561 1312 733 1348 Contra:
760 1312 872 1348 Haec
900 1311 1112 1356 dispositio
1138 1321 1221 1347 non
1249 1312 1312 1347 est
1339 1311 1417 1347 nisi
1443 1311 1588 1356 aliquis
1609 1310 1812 1356 appetitus
1833 1310 1991 1347 efficax.

318 1374 399 1410 Sed
431 1373 529 1409 nihil
567 1373 636 1408 dat
673 1371 898 1417 appetitum
937 1371 989 1407 ad
1026 1370 1189 1416 aliquid,
1227 1371 1352 1413 <nisi>
1390 1371 1499 1415 quod
1537 1370 1666 1415 possit
1693 1371 1792 1406 dare
1818 1370 1858 1406 id
1885 1370 1992 1414 quod

317 1432 532 1478 appetitur⁷
560 1432 658 1468 nihil
685 1431 794 1467 enim
821 1431 890 1466 d'at
912 1430 1134 1471 levitatem,
1160 1429 1240 1465 nisi
1260 1430 1368 1474 quod
1388 1431 1526 1474 potest
1546 1430 1643 1465 dare
1664 1430 1797 1466 locum
1819 1438 1990 1465 sursum.
2011 1432 2043 1457 ³³0

316 1492 422 1538 Ergo
461 1491 656 1537 quidquid
695 1491 765 1526 dat
803 1490 912 1526 illam
953 1489 1275 1534 dispositionem,
1313 1490 1451 1534 potest
1489 1489 1586 1525 dare
1622 1489 1866 1525 rationalem
1903 1489 1993 1524 sub-

318 1550 520 1587 stantiam.

457 1610 512 1646 25.
552 1609 653 1645 Item
679 1609 715 1645 si
740 1609 875 1644 motus
904 1608 968 1644 est
993 1607 1201 1649 naturalis,
1241 1608 1281 1643 et
1308 1607 1435 1652 quies.
1485 1606 1589 1652 Ergo
1626 1606 1659 1642 si
1690 1606 1904 1652 generatio
1932 1607 1993 1642 est

316 1669 524 1710 naturalis,
565 1670 605 1704 et
643 1668 841 1704 terminus
878 1667 966 1704 eius
991 1667 1058 1703 vel
1084 1667 1211 1712 quies.
1263 1666 1343 1703 Sed
1370 1676 1452 1702 non
1479 1666 1652 1711 quiescit
1678 1666 1890 1711 generatio
1917 1665 1993 1701 ista

317 1728 396 1763 nisi
421 1727 560 1764 habita
585 1727 723 1763 anima
747 1727 949 1763 rationali.
998 1725 1103 1772 Ergo
1131 1727 1206 1762 etc.
2010 1732 2043 1758 25

457 1788 511 1823 26.
539 1787 639 1822 Item
665 1786 784 1822 aliter
809 1786 861 1822 ad
887 1785 996 1822 idem
1022 1786 1270 1830 arguebatur
1296 1785 1377 1821 sic:
1404 1785 1438 1820 A
1464 1784 1614 1820 iustitia
1640 1784 1715 1820 Dei
1740 1784 1926 1829 procedit
1951 1784 1993 1819 ut

317 1846 449 1882 nullus
468 1846 656 1882 laedatur
674 1845 863 1881 laesione
884 1854 1048 1890 poenae
1069 1845 1265 1881 aeternae
1286 1853 1360 1889 pro
1380 1843 1515 1880 alieno
1536 1844 1718 1888 peccato.
1763 1843 1844 1879 Sed
1864 1842 1993 1878 maior

318 1907 380 1941 est
405 1905 535 1941 laesio
563 1905 708 1950 culpae
735 1904 903 1940 moralis
923 1914 1045 1949 quam
1066 1913 1240 1949 poenae.
1278 1903 1382 1949 Ergo
1405 1904 1551 1939 eadem
1572 1902 1725 1938 iustitia
1745 1902 1821 1938 Dei
1840 1901 1991 1937 nullum

317 1966 455 2010 potest
480 1965 719 2009 permittere
745 1964 855 2000 laedi
880 1964 1066 2000 laesione
1094 1964 1238 2008 culpae
1277 1972 1350 2008 pro
1388 1964 1559 2008 peccato
1597 1962 1745 1998 alieno.
1794 1960 1899 2006 Ergo
1926 1960 1990 1996 vel

318 2034 401 2060 non
429 2033 573 2060 omnes
600 2024 763 2059 animae
791 2023 1038 2059 contrahunt
1064 2022 1262 2068 originale
1288 2031 1362 2067 pro
1388 2023 1559 2067 peccato
1587 2021 1713 2062 Adae,
1745 2020 1811 2056 vel
1838 2020 1872 2056 si
1899 2029 1992 2055 con·
2011 2028 2043 2052 30

318 2084 492 2124 trahunt,
520 2093 603 2119 non
630 2084 723 2118 sunt
749 2083 800 2118 ab
827 2082 895 2118 illa
921 2082 1058 2118 anima
1082 2082 1256 2118 alienae.
1306 2081 1410 2127 Ergo
1436 2081 1503 2117 vel
1535 2081 1627 2116 sunt
1652 2080 1720 2115 iila
1745 2079 1811 2115 vel
1836 2080 1887 2115 ab
1914 2079 1990 2114 illa.

458 2143 514 2178 27.
553 2142 653 2178 Item
689 2150 864 2186 corpora
896 2141 1155 2177 nascentium
1182 2141 1426 2177 contrahunt
1451 2139 1714 2176 infectionem
1741 2139 1782 2174 et
1807 2138 1992 2173 immora-

317 2202 484 2243 litatem,
511 2201 606 2246 quia
633 2202 727 2236 sunt
754 2210 807 2236 ex
835 2209 1009 2245 corpore
1035 2199 1152 2245 primi
1178 2199 1371 2245 parentis.
1411 2198 1516 2244 Ergo
1544 2198 1704 2234 animae
1732 2207 1821 2233 cum
1848 2196 1993 2232 similia

320 2261 576 2301 contrahunt,
604 2260 699 2296 sunt
725 2269 779 2295 ex
807 2260 955 2295 eadem
981 2259 1128 2295 anima.

1069 2376 1247 2412 Contra.
2010 2391 2041 2416 35

461 2463 489 2496 1.
518 2461 666 2496 Anima
691 2460 904 2496 rationalis
925 2469 1008 2495 non
1028 2460 1166 2504 potest
1187 2468 1282 2495 esse
1304 2468 1357 2495 ex
1376 2459 1544 2494 traduce
1565 2457 1644 2494 nisi
1663 2457 1729 2493 vel
1750 2456 1991 2502 operatione

319 2520 394 2556 Dei
419 2520 486 2556 vel
513 2519 756 2564 operatione
784 2518 994 2554 hominis1.
1044 2518 1194 2554 Neutro
1222 2519 1343 2554 modo
1372 2519 1444 2553 est.
1494 2517 1598 2563 Ergo
1627 2518 1701 2553 etc.
1753 2515 1869 2556 Quod
1909 2525 1991 2551 non

319 2579 561 2624 operatione
583 2578 669 2619 Dei,
696 2578 892 2623 probatur
912 2577 989 2613 sic:
1018 2576 1121 2617 Quia
1147 2577 1372 2613 secundum
1399 2576 1717 2622 Augustinum
1744 2575 1784 2610 in
1811 2575 1991 2620 pluribus

318 2638 444 2674 locis2
470 2638 608 2673 anima
634 2637 751 2682 primi
777 2637 961 2682 parentis
988 2635 1096 2672 facta
1123 2637 1183 2672 est
1211 2645 1263 2672 ex
1290 2635 1425 2671 nihilo.
1453 2635 1709 2671 Avicenna
1740 2633 1835 2669 dicit
1869 2633 1990 2669 etiam

318 2697 500 2741 Metaph.
516 2697 603 2732 V1³1
626 2696 810 2739 „Creatio
831 2697 895 2732 est
916 2696 1076 2741 dignior
1097 2695 1283 2731 omnibus
1304 2694 1436 2730 modis
1457 2694 1580 2730 dandi
1595 2695 1722 2729 esse“.
1751 2692 1831 2729 Sed
1847 2701 1990 2728 omnes
2009 2703 2041 2728 40

319 2756 482 2791 animae
509 2755 735 2791 rationales
763 2756 857 2791 sunt
884 2754 1067 2799 aequalis
1093 2753 1299 2800 dignitatis
1326 2754 1520 2798 quantum
1546 2753 1596 2788 ad
1630 2752 1838 2797 originem.
1887 2750 1990 2796 Ergo

320 2815 354 2850 si
381 2824 463 2851 una
489 2815 663 2855 creatur,
691 2824 837 2850 omnes
864 2814 969 2850 aliae
998 2814 1198 2849 creantur.

462 2919 480 2950 5
510 2918 618 2958 quae]
646 2919 742 2959 quod
840 2919 858 2950 6
887 2917 1022 2956 anima]
1048 2926 1179 2958 corpus
1276 2917 1295 2948 8
1322 2915 1375 2955 fit]
1402 2917 1448 2948 sit
1544 2915 1679 2948 28—29
1705 2915 1838 2947 nullum
1859 2911 1991 2954 potest]

319 2972 419 3004 nulla
445 2972 510 3003 sed
1093 2982 1097 2988 ·

461 3077 471 3098 ¹
501 3077 570 3110 Cir.
599 3078 775 3116 Bonav.,
806 3077 871 3118 Op.
894 3086 992 3109 omn.
1014 3077 1052 3115 ΙΙ,
1074 3076 1176 3108 4511)
1196 3074 1257 3113 (6).
1354 3074 1368 3096 2
1394 3075 1463 3107 Cfr.
1490 3074 1584 3106 infra
1610 3082 1691 3114 pag.
1714 3073 1744 3105 6.
1839 3070 1854 3093 3
1879 3071 1933 3111 VI,
1961 3071 1990 3104 2.
