2095 3459
308 190 351 224 752
818 190 993 222 Johannis
1018 189 1187 222 Pechami
1213 190 1462 226 Quaestioncs.

445 289 477 323 3.
503 287 603 324 Item
629 287 859 322 intellectus
887 296 1015 332 agens
1044 287 1106 322 est
1127 286 1300 323 nobilior
1320 296 1414 331 pars
1433 287 1605 323 animae.
1643 287 1747 334 Ergo
1768 288 1973 324 reducitur

307 347 358 383 ad
384 346 561 391 aliquam
586 347 743 391 partem
770 345 967 391 imaginis,
1007 355 1112 390 quae
1149 346 1275 381 totam
1312 346 1554 382 rationalem
1580 347 1737 391 partem
1775 347 1974 391 compleo·

306 405 410 441 titur.
448 405 501 441 Ut
527 406 648 441 docet
674 404 998 450 Augustinus,
1037 404 1115 440 XII.
1142 405 1200 440 De
1238 405 1345 440 Trin.
1378 414 1464 449 cap.
1486 406 1544 440 71.
1593 404 1793 445 Quoniam
1819 406 1974 441 certum

307 465 370 500 est
397 474 491 500 esse
518 465 559 500 in
585 465 700 509 parte
728 464 889 500 animae
917 463 1100 509 digniori.
1150 464 1239 500 Non
1266 464 1472 500 reducitur
1497 465 1549 500 ad
1576 464 1839 505 voluntatem,
1867 474 1973 509 quae

306 523 472 559 alterius
499 523 663 568 generis
691 522 875 567 potentia
902 523 981 564 est;
1021 532 1103 558 non
1142 523 1193 558 ad
1232 523 1480 564 memoriam,
1519 532 1624 567 quae
1660 523 1824 559 minime
1850 524 1974 559 habet

307 582 357 618 de
383 582 486 618 actu.
537 582 770 618 Intellectus
797 582 933 617 autem
959 591 1088 627 agens
1118 592 1281 627 semper
1308 583 1371 618 est
1405 581 1445 617 in
1478 583 1581 618 actu.
1630 581 1736 627 Ergo
1769 582 1975 618 reducitur

260 640 263 642 ’
306 641 357 676 ad
384 640 630 677 intellectum
655 641 719 677 vel
746 641 948 677 ratIonem
969 641 1233 686 superiorem.
1272 641 1360 676 Non
1380 642 1431 677 ad
1452 641 1698 682 inferiorem,
1726 641 1820 686 quia
1840 641 1973 687 imago

99 1895 160 1927 fol.
182 1895 287 1927 26¹⁴a

307 699 503 745 contingit
529 700 568 736 in
597 710 646 736 ea
673 700 897 736 secundum
925 700 1273 744 comparationem
1299 701 1350 736 ad
1372 701 1552 736 aeterna.
1602 700 1719 736 Unde
1741 701 1862 736 docet
1885 700 1975 736 Au-

306 759 552 804 gustinus,
591 759 649 795 De
687 759 794 795 Trz'n.
822 759 900 800 XII,
928 769 1013 804 cap.
1036 761 1100 795 72:
1142 759 1221 802 „Ex
1260 769 1340 804 qua
1365 760 1479 804 parte
1507 760 1774 804 conspectam
1800 759 1975 795 consulit

306 818 532 859 veritatem,
570 818 704 863 imago
732 817 807 854 Dei
833 819 915 860 est;
955 827 1009 854 ex
1035 828 1114 863 qua
1140 828 1239 854 vero
1266 818 1487 854 intenditur
1513 818 1553 854 in
1580 818 1743 864 agenda
1769 817 1974 868 inferiora,

306 887 389 913 non
416 878 479 913 est
504 877 637 923 imago
664 876 772 913 Dei.“
822 876 903 913 Etc.

445 936 476 971 4.
515 936 613 972 Item
651 936 880 972 intellectus
919 946 1047 981 agens
1086 937 1210 973 habet
1235 937 1458 982 impressas
1487 937 1563 973 sibi
1588 937 1751 982 regulas
1779 936 1974 977 veritatis,

306 1004 379 1039 per
417 1004 517 1039 quas
557 995 689 1040 dirIgit
726 995 974 1040 possibilem.
1036 995 1163 1032 Aliter
1201 997 1311 1032 certe
1351 1006 1449 1032 casu
1493 995 1696 1041 dirigeret.
1745 995 1850 1041 Ergo
1885 1006 1974 1032 cum

306 1054 408 1089 ratio
437 1054 623 1098 superior
647 1054 755 1090 idem
781 1054 929 1090 habeat
955 1056 1146 1099 respectu
1172 1055 1374 1091 inferioris
1386 1058 1410 1096 ³,
1449 1055 1558 1091 idem
1585 1055 1660 1091 erit
1697 1064 1825 1100 agens
1865 1056 1973 1100 quod

306 1112 409 1148 ratio
437 1112 633 1157 superior.
682 1112 764 1148 Etc.

445 1172 476 1207 5.
502 1171 602 1207 Item
629 1173 853 1208 secundum
880 1173 1350 1209 Commentatorein4
1376 1173 1606 1209 intellectus
1633 1183 1762 1218 agens
1785 1182 1830 1209 se
1852 1173 1976 1209 habet

306 1230 357 1266 ad
383 1230 621 1275 possibilem
648 1231 751 1267 sicut
776 1231 846 1266 lux
872 1232 922 1267 ad
950 1232 1206 1276 diaphanum.
1255 1231 1303 1267 Et
1329 1233 1476 1268 eodem
1503 1233 1623 1268 modo
1651 1242 1697 1268 se
1724 1233 1847 1268 habet
1872 1232 1974 1268 rano

307 1289 493 1334 superior
518 1291 568 1325 ad
596 1289 841 1326 inferiorem.

443 1349 474 1384 6.
501 1348 600 1384 Item
621 1349 863 1394 ubicumque
886 1352 949 1385 est
969 1350 1142 1386 divisum
1167 1360 1300 1391 unum,
1323 1353 1362 1386 et
1383 1351 1607 1386 dividentia
1627 1352 1830 1393 <eadem>.
1859 1351 1974 1392 Quod

306 1408 427 1452 patet,
455 1408 549 1452 quia
574 1408 614 1444 in
642 1408 844 1444 divisione
872 1409 1082 1445 essentiali
1110 1409 1333 1445 dividentia
1353 1410 1446 1445 sunt
1465 1409 1574 1445 idem
1594 1419 1685 1445 cum
1705 1410 1848 1446 diviso.
1894 1410 1974 1446 Sed
1995 1417 2009 1441 ι’

306 1467 383 1502 hoc
410 1467 517 1511 quod
537 1467 726 1503 dividitur
748 1469 810 1503 est
831 1478 964 1507 unum,
992 1468 1094 1504 ratio
1118 1468 1282 1506 scilicet.
1311 1478 1416 1513 quae
1438 1468 1627 1504 dividitur
1647 1478 1720 1513 per
1740 1468 1974 1505 inferiorem

307 1527 347 1561 et
373 1526 637 1571 superiorem,
678 1528 717 1562 et
750 1527 991 1569 intellectus,
1032 1528 1098 1572 qui
1126 1528 1315 1563 dividitur
1342 1537 1414 1572 per
1440 1529 1633 1573 agentem
1661 1529 1700 1564 et
1725 1528 1974 1573 possibilem.

305 1584 408 1631 Ergo
436 1585 544 1621 idem
571 1587 663 1622 sunt
689 1595 818 1632 agens
847 1587 887 1622 et
914 1586 1121 1631 possibilis
1149 1587 1255 1632 quod
1283 1587 1385 1623 ratio
1414 1586 1601 1631 super-ior
1628 1588 1668 1623 et
1694 1587 1871 1624 inferior.
1961 1585 1964 1587 ’

1053 1686 1231 1723 Contra.

446 1772 476 1804 1.
515 1768 838 1815 Augustinus,
865 1769 991 1812 <ΧΠ.>
1019 1769 1075 1805 De
1107 1770 1214 1806 Trin.
1256 1780 1341 1815 cap.
1369 1771 1434 1806 45:
1486 1769 1606 1813 „Cum
1645 1770 1883 1807 disserimus
1922 1772 1972 1807 de

306 1828 451 1863 natura
477 1828 624 1864 mentis
651 1829 865 1868 humanae.
904 1830 955 1865 de
994 1838 1075 1864 una
1114 1829 1153 1865 et
1180 1830 1324 1865 eadem
1363 1839 1408 1865 re
1435 1829 1685 1870 disserimus,
1713 1839 1790 1865 nec
1817 1839 1906 1865 eam
1933 1830 1973 1866 in

306 1886 409 1922 haec
435 1887 514 1922 duo
542 1886 620 1922 nisi
645 1896 719 1932 per
752 1887 876 1923 offici-
894 1890 950 1930 ssa
984 1887 1249 1933 geminamus,
1289 1888 1444 1924 scilicet
1480 1888 1681 1924 rationem
1720 1888 1973 1933 superiorem

307 1946 346 1981 et
366 1944 634 1981 inferioremf‘
675 1945 755 1982 Sed
778 1946 1007 1982 intellectus
1029 1955 1157 1991 agens
1189 1948 1228 1983 et
1248 1946 1454 1992 possibilis
1481 1946 1673 1983 differunt
1700 1947 1974 1984 essentialiter

307 2004 410 2040 sicut
436 2005 607 2040 materia
634 2006 674 2040 et
699 2005 840 2041 forma.
890 2005 995 2051 Ergo
1023 2015 1105 2041 non
1134 2007 1226 2041 sunt
1251 2006 1370 2042 idem.
1420 2005 1501 2042 Etc.

443 2064 474 2099 2.
501 2063 600 2099 Item
620 2063 762 2105 <dicit>
782 2063 810 2099 C
825 2074 847 2100 o
861 2065 1201 2100 mmentatorsst
1230 2065 1444 2108 „Iudicium
1471 2066 1511 2101 et
1535 2065 1739 2101 distinctio
1761 2075 1842 2101 non
1864 2066 1972 2102 attri-

304 2122 438 2157 buitur
457 2122 497 2158 in
518 2123 636 2158 nobis
659 2123 737 2158 nisi
757 2123 979 2160 intellectui
999 2123 1230 2159 materiali.“
1271 2123 1350 2159 Sed
1372 2123 1562 2159 iudicium
1581 2124 1626 2159 fit
1646 2125 1727 2160 tam
1748 2126 1973 2161 secundum

304 2181 505 2217 rationem
532 2181 787 2226 superiorem
815 2192 935 2227 quam
961 2182 1208 2219 inferiorem.
1258 2182 1362 2228 Ergo
1389 2182 1620 2219 intellectus
1645 2184 1864 2220 materialis
1892 2194 1972 2220 am-

304 2240 492 2284 plectitur
525 2241 727 2277 rationem
763 2242 1018 2286 superiorem
1058 2243 1098 2278 et
1135 2241 1380 2278 inferiorem.
1430 2241 1534 2287 Ergo
1574 2242 1802 2278 intellectus
1842 2253 1970 2289 agens

304 2299 450 2335 neutra
475 2299 632 2335 illorum
660 2302 732 2336 est.

442 2359 473 2394 3.
500 2358 599 2394 Item
627 2360 851 2395 secundum
877 2360 943 2395 Au
957 2370 1014 2405 gu
1027 2361 1226 2397 stinum,
1266 2359 1390 2400 <XIL>
1426 2359 1482 2395 De
1526 2360 1632 2395 Trin.
1667 2370 1752 2405 cap.
1779 2339 1834 2396 47Δ
1867 2361 1969 2397 ratio
1990 2380 2005 2404 3

306 2417 493 2461 superior
514 2419 553 2453 et
572 2418 739 2454 inferior
760 2418 952 2454 differunt
973 2419 1075 2454 sicut
1096 2419 1200 2455 actio
1223 2420 1263 2455 et
1283 2418 1582 2463 contemplatio.
1623 2419 1703 2455 Sed
1725 2420 1970 2462 eius<-dem>

305 2475 535 2512 intellectus
564 2477 626 2512 est
652 2478 918 2522 contemplari
943 2479 983 2513 et
1003 2487 1139 2523 agore,
1164 2478 1260 2523 *quia
1280 2478 1509 2513 intellectus
1532 2478 1807 2522 speculativus
1830 2481 1970 2516 exten-

447 2574 487 2606 14
514 2574 617 2614 ratio]
645 2584 756 2608 causa
852 2576 892 2608 23
922 2575 1030 2616 quod]
1059 2577 1142 2616 quia
1237 2578 1278 2609 25
1307 2577 1341 2608 ct
1367 2576 1505 2615 eadem]
1534 2577 1688 2616 quadam
1761 2579 1804 2609 :35
1830 2587 1908 2619 cap.
1938 2578 1969 2617 41

306 2635 358 2659 ca.
387 2628 404 2659 7
503 2628 544 2659 37
573 2627 668 2668 quia]
696 2629 791 2668 quod

445 2726 457 2749 1
482 2727 538 2760 PL
564 2728 616 2766 42,
646 2729 732 2761 1003
759 2739 791 2761 11.
821 2730 862 2761 10
889 2730 924 2761 et
952 2729 1004 2761 12.
1055 2729 1124 2762 Cfr.
1151 2738 1179 2762 c.
1208 2730 1225 2761 4
1265 2728 1326 2768 (ib.
1356 2729 1442 2762 1000
1469 2739 1501 2762 n.
1530 2729 1564 2768 4)
1600 2731 1635 2762 et
1666 2740 1694 2762 c.
1725 2731 1747 2762 8
1781 2729 1842 2770 (ib.
1882 2733 1966 2764 1044

576 2780 590 2802 2
691 2793 696 2800 .

305 2789 338 2812 n·
368 2779 457 2854 11ὶὸ
484 2833 553 2866 Cfr.
580 2782 705 2875 Assg(
721 2835 772 2867 De
799 2835 885 2867 Gen.
913 2836 1044 2867 eontra
1071 2833 1237 2867 Mantele..
1264 2836 1301 2874 ΙΙ,
1325 2836 1365 2867 14
1393 2833 1464 2877 (PL
1482 2836 1534 2875 34,
1557 2836 1621 2868 207
1643 2845 1674 2868 11.
1697 2836 1771 2875 20);
1799 2837 1967 2876 Bonav.,

309 2885 373 2926 Op.
403 2894 500 2918 omn.
527 2886 564 2925 ΙΙ,
593 2887 655 2919 581
678 2894 715 2924 a;
744 2888 808 2920 582
828 2888 850 2920 b
877 2886 911 2927 (3
939 2889 975 2920 et
1001 2883 1053 2930 4);
1081 2888 1145 2920 909
1165 2888 1197 2921 b.

443 2938 457 2960 4
483 2940 534 2971 De
558 2939 697 2972 Anima
722 2940 775 2979 III,
804 2941 821 2972 4
849 2939 881 2979 (1
909 2942 996 2973 text.
1025 2940 1060 2977 5)
1086 2937 1160 2982 (fol.
1190 2941 1253 2973 152
1267 2940 1302 2980 Γ).

447 2991 461 3013 5
486 2992 554 3031 XII,
583 2993 601 3024 4
628 2991 699 3032 (PL
725 2994 778 3031 42,
808 2993 895 3026 1000
922 3003 954 3026 n.
983 2992 1027 3033 4).
1169 2993 1183 3015 ⁶
1208 2994 1259 3026 De
1284 2994 1423 3026 Anima
1449 2994 1501 3033 III,
1530 2996 1547 3026 5
1574 2993 1675 3033 (text.
1706 2994 1773 3034 19).

445 3043 457 3065 7
483 3045 519 3077 L.
547 3054 573 3077 ο.
601 3046 668 3078 sub
695 3047 726 3078 5.

1997 807 2027 846 io

1997 1117 2027 1141 15

1993 1788 2026 1813 25

1992 2085 2025 2108 30
