2095 3459
105 1012 165 1045 rol.
187 1013 231 1045 35
242 1016 256 1035 U
270 1021 294 1045 α

315 200 357 234 12
823 203 996 235 dohannis
1024 203 1189 236 Pechami
1218 204 1467 240 QuaestIOnes.

314 299 481 339 ciuntur,
519 309 608 335 cum
641 309 722 335 non
755 300 833 335 sint
859 309 912 335 ex
937 300 1038 344 ipso,
1066 300 1166 341 <hoc
1193 301 1277 341 est>
1305 299 1399 344 quia
1425 300 1511 344 ipse
1538 301 1716 345 corrupit
1742 310 1982 345 corpoream

313 358 499 393 naturam
525 367 631 402 quae
658 359 721 393 est
746 358 786 393 in
813 358 915 402 ipso,
942 367 1018 394 nec
1044 359 1154 394 Deus
1181 359 1357 394 debebat
1384 359 1586 395 dimittere
1607 360 1758 395 bonum
1784 360 1891 404 quod
1919 360 1982 395 est

312 416 471 461 ipse.—
487 416 549 452 Ad
569 418 850 462 argumentum
870 417 1201 461 respondendum
1224 417 1331 461 quod
1358 427 1440 453 non
1467 418 1530 453 est
1556 418 1686 453 simile
1722 418 1771 454 de
1799 418 1917 463 culpa
1943 419 1983 454 et

312 484 457 519 poena.
510 474 612 514 Quia
638 475 768 511 omnis
795 485 930 520 poena
958 477 1021 511 est
1047 485 1071 511 a
1098 475 1196 515 Deo,
1235 475 1327 511 ideo
1368 475 1478 511 Deus
1516 476 1668 512 nullum
1706 476 1819 522 punit
1845 485 1983 512 essen-

313 533 460 569 tialiter
485 534 557 578 pro
585 535 703 579 culpa
728 535 872 570 aliena.
924 534 1004 571 Sed
1031 536 1244 579 peccatum
1271 544 1353 570 non
1381 536 1442 570 est
1467 536 1518 571 ab
1544 535 1647 580 ipso.
1684 535 1781 572 Ideo
1803 539 1851 578 <a
1871 536 1982 577 Deo>
2002 543 2018 568 5

314 592 554 637 permittitur
580 594 735 629 tantum
762 593 938 629 animam
965 594 1159 629 maculari
1191 603 1215 629 a
1244 594 1445 640 contagio.
1497 594 1578 630 Sed
1604 595 1829 639 quaeritur:
1857 604 1982 640 quare

312 650 536 696 permittit?
574 651 693 687 Dico:
733 652 827 697 quia
863 653 983 688 decet
1020 662 1110 688 eum
1139 653 1339 698 perficere
1368 654 1476 698 quod
1503 653 1663 698 incepit.
1714 654 1813 690 Item
1840 654 1982 690 melius

313 712 376 749 est
402 710 562 746 animae
590 711 648 746 sic
676 720 769 746 esse
798 721 918 756 quam
945 721 1027 747 non
1055 721 1158 748 esse.

452 770 506 804 27.
546 770 621 805 Per
658 770 735 805 hoc
761 771 874 815 patet
899 770 950 806 ad
977 770 1214 806 vicesimum
1242 771 1456 816 septimum
1485 771 1594 816 quod
1632 781 1712 807 non
1753 773 1814 807 est
1852 771 1982 808 simile

313 828 363 864 de
390 828 651 873 corruptione
679 829 868 873 culpabili
895 830 934 865 et
961 830 1135 874 poenali.
2004 830 2036 855 10

939 1009 1247 1069 Quaestio
1286 1009 1357 1060 ΙΙ.

506 1118 745 1163 Quaeritur
779 1121 923 1158 utrum
959 1119 1108 1158 anima
1138 1119 1368 1158 rationalis
1402 1119 1456 1159 sit
1488 1119 1747 1159 immortalis
1763 1114 1788 1159 ¹.

880 1213 1142 1250 Ostenditur
1168 1223 1224 1258 qu
1232 1214 1291 1250 od
1317 1223 1421 1250 non.

453 1296 482 1330 1.
510 1295 886 1338 Damascenus,
915 1296 957 1332 II.
984 1296 1049 1332 lib.
1077 1306 1163 1342 cap.
1185 1296 1262 1332 112:
1302 1297 1563 1340 „Immortalis
1592 1298 1655 1333 est
1682 1297 1873 1343 angelus;
1900 1307 1983 1333 non

312 1355 468 1395 natura,
496 1355 569 1390 sed
597 1355 759 1400 gratia.“
810 1355 963 1392 Eadem
1000 1357 1160 1393 ratione
1198 1357 1237 1392 et
1271 1356 1407 1392 anima
1444 1356 1667 1392 rationalis.
1716 1355 1763 1391 Et
1800 1356 1881 1392 tale
1920 1357 1983 1392 est
2005 1361 2036 1385 15

312 1414 630 1458 unumquodque
658 1415 765 1459 quod
793 1416 1019 1459 temporale
1048 1425 1101 1451 ex
1127 1416 1272 1451 natura
1297 1415 1472 1460 propria.
1522 1415 1626 1461 Ergo
1656 1416 1730 1451 etc.

452 1473 483 1507 2.
513 1472 608 1508 Item
637 1473 997 1510 Damascenus
1027 1475 1174 1510 eodem
1201 1474 1376 1519 capitulo
1403 1474 1658 1511 immediato:
1696 1474 1847 1518 „Omne
1875 1475 1982 1519 quod

312 1530 452 1575 incipit
479 1541 586 1572 esse,
614 1533 655 1567 et
678 1532 817 1568 finitur
841 1542 915 1577 per
941 1534 1139 1573 naturam,
1166 1535 1208 1569 ut
1233 1533 1289 1569 ita
1315 1544 1397 1569 non
1425 1534 1476 1569 sit
1501 1534 1761 1570 immortale.“

452 1591 483 1626 3.
511 1590 610 1626 Item
630 1591 695 1627 lib.
717 1591 730 1626 I
752 1601 838 1636 cap.
860 1592 935 1627 IV3
962 1593 1189 1628 ostendens
1211 1593 1285 1629 Dei
1310 1593 1842 1638 incomprehensibilitatem
1867 1593 1982 1629 dicit:

314 1647 586 1694 „Compositio
610 1651 672 1685 est
689 1651 930 1696 principium
945 1661 1119 1697 pugnae,
1135 1661 1272 1697 pugna
1292 1651 1522 1692 distantiae,
1544 1652 1736 1688 distantia
1756 1661 1856 1688 vero
1878 1652 1984 1688 solu-
2003 1657 2036 1681 ‘20

312 1707 445 1743 tIOnis.
495 1707 599 1754 Ergo
628 1719 727 1745 vero
754 1710 933 1746 alienum
960 1712 1023 1746 est
1049 1721 1073 1746 a
1100 1711 1186 1746 Deo
1214 1711 1413 1746 omnino.“

452 1769 483 1802 4.
511 1767 610 1803 Item
637 1769 784 1804 eodem
810 1769 912 1805 libro
941 1779 1026 1814 cap.
1056 1769 1184 1805 VIII⁴z
1214 1769 1455 1814 „Causatum
1482 1771 1619 1806 tamen
1647 1771 1916 1815 compositum
1944 1772 1984 1807 et

312 1826 493 1862 fluxibile
534 1828 573 1863 et
611 1828 986 1874 circumscriptibile
1026 1830 1066 1865 et
1102 1829 1271 1865 formam
1311 1829 1468 1865 habens
1515 1830 1555 1865 et
1594 1829 1886 1874 corruptibile.“
1937 1830 1985 1866 Et

311 1885 487 1930 loquitur
514 1887 564 1922 de
592 1888 730 1923 creato
757 1888 808 1923 ad
835 1888 1066 1933 imaginem.

450 1946 481 1983 5.
510 1945 608 1980 Item
635 1946 1035 1991 Philosophus-‘³1
1065 1947 1129 1990 „In
1157 1948 1266 1983 omni
1284 1957 1328 1983 re
1350 1949 1461 1983 mota
1483 1957 1657 1984 necesse
1680 1949 1743 1984 est
1766 1948 1979 1994 ImagInari
1998 1957 2031 1983 25

311 2003 533 2039 materiam.
585 2004 665 2040 Sed
692 2005 828 2041 anima
855 2006 1014 2042 mobilis
1043 2008 1116 2042 est.
1169 2007 1359 2051 Sequitur
1394 2007 1501 2043 enim
1537 2017 1685 2052 corpus
1713 2008 1753 2043 in
1781 2008 1864 2044 suis
1891 2017 1982 2053 pas-

311 2062 506 2104 sionibus,
534 2063 637 2099 sicut
664 2066 833 2100 econtra
860 2075 1007 2110 corpus
1034 2066 1211 2102 animam
1237 2066 1277 2102 in
1305 2066 1388 2102 suis
1415 2067 1655 2102 actionibus.
1706 2067 1805 2103 Item
1835 2068 1875 2103 et
1900 2065 2003 2103 mo-'

310 2122 428 2157 vetur
453 2122 646 2158 localiter.
699 2123 778 2160 Sed
806 2125 977 2160 materia
1004 2126 1067 2161 est
1094 2135 1219 2161 causa
1245 2126 1528 2170 corrupti0niS.

449 2183 481 2217 6.
508 2181 607 2217 Item
632 2183 815 2219 ratIones
844 2193 949 2228 quae
976 2184 1239 2230 assignantur
1265 2185 1316 2221 de
1343 2185 1519 2231 imagine
1546 2207 1591 2210 —
1617 2185 1711 2230 quia
1737 2186 1871 2231 imago
1898 2196 1981 2222 non

312 2241 435 2281 esset,
463 2240 497 2276 si
522 2241 695 2277 termino
723 2242 863 2278 mortis
891 2244 1174 2280 clauderetur⁰
1192 2265 1247 2285 —‚
1284 2244 1380 2280 nihil
1416 2245 1605 2280 videntur
1640 2245 1779 2281 valere
1815 2245 1978 2282 dicente
1998 2253 2033 2278 30

449 2339 467 2370 7
496 2337 594 2378 quia]
634 2341 730 2380 quod
826 2341 844 2373 9
871 2341 1080 2374 vicesimum
1118 2341 1323 2383 septimum]
1359 2343 1457 2374 „tale
1495 2343 1698 2383 corrigitur
1736 2344 1795 2376 in:
1831 2344 1979 2376 XXVIII.

312 2392 352 2423 18
373 2388 419 2423 εἰῖ
438 2389 656 2435 immortale]
677 2394 749 2426 sint
768 2395 989 2427 immortales
1066 2396 1106 2428 19
1127 2397 1184 2428 lib.
1200 2394 1227 2434 Ι]
1248 2396 1305 2428 lib.
1323 2396 1341 2428 3
1415 2395 1897 2437 incomprehensibilitatem]
1918 2397 1980 2429 im-

310 2445 585 2484 possibilitatem
654 2446 696 2479 20
715 2448 771 2479 est
792 2448 1006 2488 principium
1029 2448 1188 2490 pugnae]
1209 2451 1264 2481 est
1285 2449 1497 2490 principium
1518 2450 1574 2481 est
1595 2459 1717 2491 pugna
1782 2450 1824 2482 26
1845 2449 1929 2489 Sedl
1950 2451 1980 2482 si

310 2504 353 2535 30
378 2502 518 2544 mortis]
539 2489 669 2538 'nicetis

449 2598 460 2621 1
489 2600 665 2639 Bonav.‚
696 2601 760 2642 Op.
784 2611 881 2634 omn.
898 2603 935 2641 II,
953 2603 1018 2635 458
1033 2612 1137 2643 seqq.
1183 2604 1383 2642 Thomas,
1405 2605 1563 2636 Samma
1583 2605 1690 2637 theol.
1717 2614 1750 2645 p.
1766 2605 1779 2637 Ι
1795 2614 1826 2645 q.
1844 2606 1885 2637 75
1901 2614 1932 2638 a.
1949 2606 1978 2638 (ἰ.

311 2652 451 2685 Contra
479 2654 580 2686 Gent.
607 2654 644 2692 II,
673 2655 714 2687 79
743 2656 777 2687 et
804 2656 857 2688 83.
1001 2655 1015 2677 2
1041 2657 1101 2689 PG
1127 2657 1181 2696 94,
1210 2657 1285 2689 867.
1358 2700 1368 2702 -

446 2705 460 2728 3
486 2707 508 2744 Ι,
537 2707 554 2738 4
594 2706 745 2746 (ibidem
785 2708 876 2746 797).
924 2709 1165 2749 „Compositio
1204 2710 1380 2750 siquidem
1420 2719 1565 2751 pugnae
1603 2711 1705 2752 origo
1753 2712 1817 2750 est,
1856 2721 1980 2753 pugna

309 2759 456 2798 dissidii,
484 2760 682 2792 dissiduum
708 2761 907 2800 solutionis,
935 2763 1066 2794 solutio
1093 2763 1212 2795 autem
1239 2772 1260 2795 a
1286 2763 1537 2803 Deoeprorsus
1563 2764 1683 2796 aliena
1709 2763 1796 2796 est.“

447 2811 460 2833 4
487 2812 510 2851 I,
538 2813 557 2844 8
584 2811 734 2851 (ibidem
761 2813 851 2853 814).
892 2814 1016 2852 „Quod
1042 2816 1136 2847 enim
1161 2817 1331 2854 creatum,
1359 2817 1394 2848 et
1419 2817 1655 2857 compositum
1684 2818 1718 2849 et
1743 2818 1916 2850 caducum
1944 2819 1979 2850 et

309 2865 478 2898 mutabile
505 2867 539 2897 et
565 2866 872 2907 circumscriptum
898 2869 933 2900 et
958 2869 1191 2909 corruptibile
1218 2869 1305 2901 est.“
1448 2868 1463 2891 5
1488 2869 1571 2902 Met.
1599 2870 1621 2908 Ι,
1650 2871 1680 2902 2.

447 2917 462 2939 ‘⁵
488 2918 557 2951 CIr.
585 2919 637 2951 De
661 2919 805 2960 Spiritu
830 2922 864 2952 et
887 2920 1028 2953 Anima
1062 2919 1169 2959 (inter
1205 2931 1319 2962 opera
1352 2921 1558 2963 Augustini)
1596 2931 1624 2955 c.
1655 2923 1707 2955 18.
1758 2924 1856 2962 „Non
1885 2924 1978 2956 enim

309 2971 452 3011 poterat
478 2980 561 3004 esse
587 2972 707 3013 imago
734 2973 769 3004 et
795 2973 988 3006 similitudo
1003 2974 1078 3013 Dei,
1105 2975 1135 3006 si
1161 2975 1286 3007 mortis
1306 2976 1456 3007 termino
1478 2976 1725 3008 clauderetur“
1742 2975 1811 3015 (PL
1826 2977 1879 3012 40.
1895 2974 1977 3014 793)

309 3024 344 3055 et
379 3024 594 3063 Cassiod,
622 3025 673 3057 De
699 3025 837 3058 Anima
868 3035 897 3058 c.
925 3027 944 3058 8
984 3022 1054 3068 (PL
1081 3028 1133 3066 70,
1157 3028 1243 3060 1293
1264 3028 1288 3059 C
1310 3027 1439 3068 seqq).
1492 3028 1748 3069 Argumentum
1787 3030 1975 3062 formatum

308 3076 449 3109 videtur
475 3086 521 3110 ex
548 3078 600 3116 iis,
629 3087 722 3117 quae
748 3079 832 3110 dicit
858 3079 1039 3120 August.
1066 3081 1153 3113 XIV.
1180 3081 1231 3112 De
1261 3081 1357 3113 Trin.
1385 3090 1413 3113 c,
1436 3082 1454 3113 3
1476 3080 1544 3115 (PL
1565 3082 1617 3120 42,
1643 3083 1728 3115 1040
1747 3092 1779 3114 n.
1802 3083 1846 3121 b).
1887 3082 1975 3115 Vide

308 3129 478 3169 Bonav.,
509 3130 574 3171 Op.
602 3139 700 3163 omn.
727 3131 765 3169 11,
793 3131 896 3165 4113.

2093 312 2095 381 l
