2095 3459
800 204 973 241 Quaestio
1002 200 1085 237 XIII.
1723 198 1788 236 115

103 298 324 346 pletionem
365 302 584 338 formarum
625 311 801 338 suarum.
854 301 970 337 Unde
1011 301 1334 347 Augustinus,
1376 301 1433 337 De
1469 301 1645 337 Civitate
1680 301 1787 343 XIII,

102 370 188 406 cap.
216 360 303 396 20¹:
345 360 531 405 „Spiritui
571 370 667 397 caro
707 370 865 396 summa
905 363 944 396 et
979 360 1201 403 <mirabili>
1238 360 1551 405 optemperandi
1592 359 1786 395 facilitate

102 419 308 458 subdetur.
349 420 458 455 omni
494 420 684 456 molestia
719 430 881 461 sensus,
922 420 1031 455 omni
1068 419 1406 464 corruptibilitate
1435 421 1475 456 et
1502 420 1693 455 tarditate
1720 420 1788 455 de-

102 480 263 514 tracta.u
316 478 473 524 Corpus
502 479 702 524 siquidem
732 480 994 524 corruptibile
1023 490 1104 515 non
1134 481 1197 515 est
1234 479 1586 524 proportionatum
1624 479 1786 514 animae

67 546 82 567 Γ»
101 538 320 584 gloriosae,
357 540 397 574 et
429 539 521 574 ideo
550 548 727 575 necesse
756 540 820 575 est
847 540 888 574 ut
916 548 1133 584 corporum
1161 538 1473 574 elementarium
1501 538 1665 574 tollatur
1691 548 1788 583 pug—

49 2030 82 2055 30

102 597 275 637 nacitas,
325 599 459 634 stante
500 600 636 634 tamen
681 599 910 634 substantia
951 598 1158 633 mixtionis
1200 597 1291 633 sine
1329 598 1469 634 mutua
1508 598 1786 642 susceptione.

101 655 218 697 Quod
246 657 286 692 et
312 658 363 693 ad
394 658 552 702 tempus
574 658 723 695 accidit
744 658 782 693 in
805 657 1049 702 quibusdam
1070 656 1327 697 animalibus,
1355 657 1398 692 ut
1418 657 1536 698 ursis,
1564 657 1786 702 praecipue

100 715 265 757 sanctis,
292 725 399 761 quae
426 717 536 752 stant
555 717 775 761 aliquando
798 726 870 761 per
892 726 1058 752 menses
1081 716 1219 761 plures
1241 715 1329 751 sine
1351 716 1442 752 cibo
1453 718 1478 752 2.
1517 715 1564 752 Et
1585 716 1785 761 quaedam

100 774 292 811 mulieres
329 775 452 811 etiam
493 775 636 811 vivunt
673 775 797 821 longo
837 777 1023 820 tempore
1064 775 1154 811 sine
1194 775 1402 816 alimento,
1441 775 1610 811 detento
1651 775 1787 811 calore

100 834 275 870 naturali
300 834 341 870 in
368 834 504 879 aliquo
533 835 714 871 humore.
767 835 902 875 Quare
931 844 1029 880 ergo
1058 844 1141 870 non
1168 834 1320 879 poterit
1340 834 1395 870 ibi
1416 834 1528 870 calor
1548 834 1788 870 naturaliter

101 893 140 928 in
167 894 339 929 aeterna
365 894 582 930 dulcedine
610 894 795 940 mitigari,
828 895 871 929 ut
898 903 981 930 non
1009 895 1105 939 agat
1131 894 1181 929 ad
1211 893 1569 938 consumptionem
1596 893 1637 929 in
1664 894 1786 929 modo

101 952 208 996 quod
248 953 383 988 stante
428 953 665 989 conditione
709 953 893 998 corporis
935 953 1117 989 mortalis
1157 952 1399 998 inpossibile
1440 954 1554 988 esset
1592 953 1787 988 unionem

100 1011 381 1056 imperfectam
419 1019 526 1048 esse.
585 1013 718 1048 Εειτοάῑ
743 1014 800 1054 33,
821 1013 931 1055 <20>ῑ
973 1012 1083 1056 „Non
1122 1011 1280 1048 videbit
1318 1021 1383 1048 me
1422 1012 1545 1048 homo
1586 1013 1683 1048 etc.“
1740 1011 1788 1047 Et

101 1070 427 1116 Augustinus,
454 1071 514 1107 De
548 1072 730 1108 Videndo
757 1072 888 1107 De03:
931 1071 1092 1114 „Potest
1127 1072 1306 1107 humana
1333 1080 1450 1107 mens
1478 1071 1567 1116 rapi
1593 1070 1786 1107 divinitus

68 1142 83 1165 5
103 1139 156 1166 ex
184 1131 259 1166 hac
286 1130 370 1166 vita
395 1131 496 1173 <ad>
522 1131 751 1177 angelicam
778 1131 915 1172 vitam,
941 1131 1164 1175 antequam
1204 1140 1277 1175 per
1315 1140 1575 1166 communem
1614 1130 1786 1166 mortem

100 1198 224 1225 carne
252 1189 512 1226 dissolvatur.
565 1190 630 1226 Sic
666 1190 774 1226 enim
809 1192 950 1235 raptus
986 1191 1050 1226 est
1077 1190 1145 1234 qui
1171 1190 1326 1226 audivit
1353 1199 1506 1226 arcana
1532 1190 1661 1225 verba
1687 1190 1785 1225 etc.“

99 1248 189 1291 <ΙΙ.>
216 1249 305 1284 Cor.
335 1250 388 1290 12,
403 1250 482 1292 <2>.
544 1249 620 1285 Ibi:
662 1249 779 1293 „Sive
819 1250 859 1285 in
898 1258 1090 1294 corpore,
1140 1249 1228 1285 sive
1269 1250 1388 1285 extra
1427 1249 1525 1285 etc.“
1590 1248 1786 1284 Glossm:

102 1308 276 1353 „Raptus
304 1309 369 1344 est
393 1309 434 1344 in
461 1309 708 1354 paradisum,
735 1309 757 1344 i.
781 1318 814 1344 e.
841 1309 882 1344 in
910 1318 1001 1344 eam
1020 1308 1367 1353 tranquillitatem,
1396 1317 1476 1355 qua
1493 1307 1692 1349 fruuntur,
1720 1307 1787 1352 qui

101 1367 195 1403 sunt
219 1367 260 1403 in
287 1368 458 1404 caelesti
483 1368 727 1405 Jerusalem.
777 1367 825 1403 Et
851 1368 911 1404 sic
937 1367 1068 1413 potuit
1087 1368 1231 1403 videre
1253 1368 1361 1412 quod
1383 1376 1592 1412 nunquam
1613 1375 1786 1411 corpore

48 1436 63 1461 2
103 1426 319 1472 impeditus
346 1427 489 1463 videre
517 1428 694 1472 posset.“
745 1427 858 1463 Tunc
886 1427 994 1463 enim
1019 1427 1129 1462 facta
1156 1427 1220 1462 est
1246 1427 1297 1462 ab
1321 1426 1440 1462 huius
1462 1425 1572 1462 vitae
1594 1426 1786 1462 sensibus

101 1486 304 1530 quaedam
329 1486 561 1522 voluntaria
588 1486 827 1522 intentionis
854 1486 1089 1522 abstractio.

239 1545 304 1590 (3)
331 1545 430 1581 Item
458 1547 577 1581 erunt
603 1545 871 1590 impassibilia
898 1555 951 1581 ex
979 1554 1106 1581 causa
1130 1544 1303 1586 formali,
1343 1553 1449 1589 quae
1478 1545 1542 1580 est
1569 1543 1785 1589 dispositio

101 1603 283 1650 corporis
309 1603 491 1640 formalis
519 1604 570 1640 ad
599 1604 875 1648 recipiendam
905 1603 1251 1640 immortalitatem
1271 1604 1322 1639 ab
1343 1603 1491 1639 anima.
1543 1603 1656 1645 Si<c>
1678 1602 1784 1639 enim

101 1663 329 1708 disponitur
358 1673 430 1708 per
454 1664 634 1699 habitum
663 1664 819 1709 gloriae
848 1664 896 1699 ad
926 1663 1206 1708 recipiendam
1234 1662 1533 1699 beatitudinem
1559 1661 1787 1707 perfectam

49 1732 82 1757 Ξῖ)
100 1723 152 1759 ab
177 1722 393 1759 influentia
419 1723 604 1761 naturali,
645 1722 752 1767 quod
781 1723 871 1758 sine
899 1722 1172 1767 dispositione
1200 1722 1330 1767 prima
1356 1721 1499 1758 videre
1527 1731 1610 1757 non
1637 1722 1786 1766 potest,

102 1781 275 1827 qualiter
301 1791 449 1827 corpus
476 1782 682 1826 reciperet
707 1782 891 1826 perfecte
932 1781 1247 1826 dispositionem
1285 1780 1460 1822 animae,
1500 1781 1552 1816 ad
1591 1781 1670 1816 hoc
1709 1780 1787 1815 dis-

100 1840 278 1886 positum
301 1841 437 1886 aliqua
456 1840 662 1886 qualitate,
691 1840 795 1876 sicut
816 1843 964 1885 supra-³>
988 1840 1137 1876 dictum
1167 1841 1230 1876 est
1256 1849 1330 1885 per
1358 1839 1591 1884 oppositum
1620 1839 1671 1874 de
1699 1848 1786 1874 cor--

102 1900 269 1945 poribus
297 1901 593 1938 damnatorum.

241 1959 305 2005 (4.)
331 1958 440 1995 Finis
467 1960 603 1995 autem
631 1959 695 1995 hic
723 1960 787 1995 est
813 1959 984 1995 satietas
1011 1958 1208 1995 naturalis
1237 1958 1433 1994 desiderii
1468 1957 1632 1993 animae
1667 1956 1788 1992 ratio-

101 2018 216 2061 nalis,
256 2028 361 2063 quae
389 2018 507 2054 aliter
535 2028 630 2054 esse
659 2028 740 2054 non
768 2020 913 2063 posset
939 2018 1019 2054 ullo
1060 2018 1195 2059 modo,
1234 2018 1277 2053 ut
1315 2018 1428 2062 patet
1468 2026 1521 2052 ex
1559 2015 1786 2052 rationibus

102 2087 225 2123 supra
252 2077 370 2114 dictis
382 2079 406 2113 ⁰.

240 2136 493 2182 Argumenta
519 2136 572 2173 ad
598 2137 769 2181 primam
795 2137 954 2181 partem
981 2136 1148 2172 inducta
1175 2136 1349 2171 concedi
1378 2136 1561 2180 possunt,
1600 2134 1786 2179 exceptis

101 2195 302 2240 aliquibus
330 2205 435 2240 quae
461 2195 610 2232 falsum
634 2196 857 2231 includunt.

240 2254 303 2291 Ad
330 2255 556 2291 secundum
582 2255 867 2300 argumentum
894 2254 1138 2290 dicendum⁷
1160 2253 1269 2298 quod
1289 2253 1452 2297 quidam
1472 2253 1666 2297 reputant
1685 2253 1788 2288 haec

50 2330 83 2354 35
102 2322 244 2349 verum
272 2323 379 2355 esse,
419 2323 594 2358 corpora
621 2313 777 2349 scilicet
802 2313 1026 2348 inanimata
1052 2322 1135 2347 non
1164 2320 1259 2348 esse
1288 2311 1567 2356 corruptibilia
1593 2312 1644 2347 ab
1672 2311 1787 2348 intra.

101 2372 269 2417 propter
303 2372 554 2417 praedictam
592 2372 806 2408 rationem.
857 2370 904 2406 Et
942 2372 1080 2406 tamen
1120 2371 1215 2406 sunt
1251 2370 1529 2414 corruptibilia
1567 2371 1618 2406 ab
1660 2372 1787 2405 extra.

101 2430 186 2466 Nec
212 2430 397 2475 sequitur
424 2440 477 2467 ex
502 2431 593 2473 hoc,
627 2431 672 2466 ut
699 2440 847 2475 corpus
874 2430 1096 2465 humanum
1123 2429 1175 2464 sit
1202 2429 1442 2464 naturaliter
1468 2429 1786 2473 incorruptibile.

104 2490 178 2525 sed
201 2489 331 2535 magis
360 2489 544 2535 sequitur
570 2489 829 2526 contrarium.
882 2488 985 2529 Quia
1014 2488 1126 2524 calor
1152 2487 1337 2532 corporis
1364 2487 1531 2523 humani
1559 2489 1623 2523 est
1644 2488 1788 2522 instru-

103 2549 284 2584 mentum
310 2548 484 2590 animae,
511 2548 552 2584 in
579 2558 659 2593 quo
687 2549 875 2584 movetur
902 2548 943 2583 et
969 2546 1173 2583 consumit
1200 2546 1430 2582 subiectum
1457 2546 1676 2591 proprium,
1711 2546 1787 2581 nisi

243 2653 262 2685 2
290 2651 477 2691 facilitate]
503 2652 677 2685 felicitate
775 2652 814 2684 11
843 2650 963 2690 modo]
984 2650 1130 2700 *modico
1238 2651 1279 2683 12
1308 2649 1419 2689 esset]
1447 2659 1531 2682 esse
1631 2650 1671 2681 14
1698 2640 1788 2683 Deo]

105 2705 217 2738 Deum
315 2706 356 2738 17
385 2704 441 2745 12]
469 2705 510 2737 13
610 2705 651 2737 18
679 2703 990 2745 tranquillitatem]
1018 2704 1228 2744 qualitatem
1328 2704 1371 2735 25
1398 2702 1567 2741 naturali]
1589 2702 1788 2734 universali

105 2758 148 2791 30
175 2757 283 2799 quae]
310 2758 405 2799 quod
502 2758 544 2790 34
572 2756 836 2799 argumentum]
863 2758 1042 2789 obiectum

245 2863 254 2885 ¹
283 2864 339 2896 PL
365 2861 419 2903 41,
447 2864 524 2897 393.

243 2915 259 2939 2
284 2917 355 2950 Cfr.
382 2917 674 2956 Aristoteles,
701 2917 753 2949 De
780 2916 1023 2949 Animalibus
1046 2916 1241 2947 Historiae
1267 2914 1352 2951 VIII,
1382 2915 1423 2946 17
1451 2912 1536 2953 (19).

243 2969 258 2990 3
283 2969 348 3010 Ep.
377 2970 444 3003 147
470 2968 577 3008 (alias
606 2968 697 3008 112),
723 2977 804 3009 cap.
833 2969 875 3001 13
901 2967 973 3007 (PL
998 2968 1052 3007 33,
1080 2968 1147 2999 610
1173 2977 1206 2999 n.
1234 2966 1281 3005 3).

245 3021 259 3043 4
287 3022 423 3055 Glossa
447 3022 715 3055 interlinearis.
767 3022 847 3060 Cfr.,
865 3021 979 3062 Aug„
1007 3021 1058 3053 De
1085 3021 1172 3053 Gen.
1201 3020 1252 3051 ad
1276 3020 1343 3052 Lvtt.
1371 3020 1440 3059 XII,
1469 3020 1499 3052 2.

244 3075 259 3096 5
286 3075 403 3116 Supra
428 3084 462 3115 p.
491 3075 566 3107 113.
718 3074 733 3095 ⁴²
759 3074 877 3115 Supra
909 3083 942 3114 p.
972 3073 1048 3112 108,
1077 3074 1116 3108 Λ,
1145 3074 1175 3105 7.
1331 3071 1343 3093 7
1372 3072 1487 3112 Supra
1519 3081 1552 3111 p.
1583 3072 1659 3109 107,
1687 3072 1726 3110 Α,
1756 3072 1786 3104 2.

740 3133 743 3134 ⁷
1599 3130 1646 3160 8*
