2095 3459
332 172 374 207 34
827 170 1002 204 dohannis
1026 170 1194 203 Pechami
1219 167 1469 207 Quaestiones.

914 273 1083 310 Solutio
1111 273 1408 309 obiectorum.

469 358 531 394 Ad
557 357 865 403 intelligentiam
891 356 1142 392 obiectorum
1168 355 1384 391 dicendum
1411 355 1519 399 quod
1557 354 1651 399 quia
1683 355 1893 398 receptum
1928 355 1992 390 est

332 418 373 454 in
397 417 623 462 recipiente
648 425 722 461 per
748 416 911 451 modum
935 415 1182 460 recipientis,
1217 423 1393 450 necesse
1427 414 1490 449 est
1516 413 1693 449 animam
1717 414 1925 457 receptam
1950 413 1991 448 in

334 486 456 513 carne
485 476 673 520 corrupta
698 474 855 510 moveri
879 475 931 510 ad
958 474 1270 519 corruptionem.
1307 473 1355 509 Et
1380 472 1474 518 quia
1493 472 1629 508 anima
1649 471 1809 516 corpori
1829 471 1993 507 coniun-

334 537 438 582 gitur
463 535 694 571 immediate
721 543 795 579 per
821 533 1044 569 essentiam
1071 534 1112 569 et
1136 542 1210 578 per
1234 533 1439 578 potentias
1474 531 1648 567 motivas
1682 532 1723 567 et
1761 531 1991 573 sensitivas,
2012 539 2028 564 5

334 604 509 631 necesse
532 594 604 635 est,
630 594 673 629 ut
692 592 900 638 potentiae
927 592 1008 628 sint
1032 592 1161 638 magis
1188 593 1403 628 moventes
1430 592 1481 627 ad
1508 592 1820 636 corruptionem,
1842 594 1992 638 quanto

335 655 428 690 sunt
454 654 566 690 carni
589 652 914 698 propinquiores.
962 651 1080 687 Unde
1107 651 1297 687 voluntas
1324 650 1523 687 sensitiva
1555 651 1794 687 necessario
1828 652 1995 688 inclinat

335 714 385 750 ad
411 712 722 757 corruptionem,
747 711 937 746 voluntas
963 711 1100 746 autem
1124 710 1334 746 rationalis
1360 719 1490 754 prona
1516 711 1580 746 est
1604 711 1656 747 ad
1684 712 1892 747 eandem1.

473 774 503 808 1.
530 771 591 808 Ad
616 771 788 816 primum
814 770 1018 806 obiectum
1045 770 1199 813 „motus
1227 769 1522 805 elementorum
1548 770 1739 806 contrarii
1765 771 1859 806 sunt
1884 771 1996 807 carni
2092 812 2095 815 ,

336 831 560 877 aequaliter
585 829 826 866 immediati“
849 829 1065 865 dicendum
1091 829 1199 873 quod
1224 828 1360 864 anima
1385 828 1519 864 unitur
1544 828 1706 873 corpori
1730 830 1773 865 ut
1797 830 1930 865 motor
1956 830 1997 866 et
2017 834 2049 859 1⁰

336 893 378 927 ut
402 890 598 936 perfectio
609 892 634 926 2.
682 888 731 925 Et
756 888 940 934 quamvis
968 888 1191 923 secundum
1218 896 1264 923 se
1289 888 1416 923 totam
1442 887 1493 923 sit
1517 887 1726 932 perfectio,
1752 897 1835 924 non
1860 889 1998 924 tamen

336 952 468 986 motor
493 951 717 986 secundum
745 958 790 985 se
816 949 943 984 totam
969 946 1222 982 uniformiter
1232 948 1257 987 3,
1284 947 1358 982 sed
1386 947 1610 982 secundum
1632 946 1743 982 vims
1770 947 1997 993 organicas,

338 1010 441 1046 sicut
467 1010 559 1045 sunt
584 1008 845 1054 vegetativae
876 1008 917 1043 et
943 1006 1179 1048 sensitivae‚
1206 1007 1407 1051 quaedam
1434 1006 1676 1042 obedientes
1702 1006 1851 1042 rationi
1876 1016 1999 1051 quae-

338 1070 430 1105 dam
455 1079 549 1105 non.
598 1069 736 1114 Pugna
761 1068 898 1104 autem
922 1062 1084 1102 animae
1110 1065 1216 1101 inter
1240 1065 1350 1101 vires
1377 1065 1596 1101 sensitivas
1625 1066 1666 1101 et
1688 1065 1889 1101 rationem
1914 1075 1998 1101 non

337 1129 460 1164 habet
498 1137 662 1164 causam
701 1127 959 1167 efficientem,
999 1125 1073 1161 sed
1106 1124 1376 1167 deficientem,
1414 1125 1497 1160 tum
1534 1124 1575 1160 in
1614 1124 1872 1169 corruptione
1913 1133 1998 1160 cor-
2019 1127 2051 1152 15

338 1187 459 1232 poris,
496 1189 579 1222 tum
610 1186 651 1222 in
678 1185 840 1222 defectu
866 1184 1047 1221 miraculi
1084 1184 1260 1220 iustitiae
1299 1183 1517 1230 originalis.
1574 1183 1715 1229 Pugna
1751 1184 1887 1219 autem
1914 1192 2000 1219 cor-

338 1246 448 1291 poris
474 1245 662 1290 provenit
697 1254 751 1280 ex
781 1244 1040 1289 qualitatibus
1074 1242 1286 1279 contrariis
1318 1242 1493 1279 invicem
1524 1242 1741 1288 agentibus
1774 1243 1815 1278 et
1844 1242 2000 1287 patien-

339 1305 456 1341 tibus.
504 1304 621 1340 Unde
647 1313 730 1340 non
757 1305 820 1339 est
845 1303 986 1339 simile.

477 1365 509 1400 2.
539 1364 600 1400 Ad
627 1364 851 1399 secundum
877 1363 999 1408 patet.
1051 1362 1153 1403 Quia
1178 1363 1311 1398 motus
1339 1360 1530 1398 contrarii
1565 1362 1659 1398 sunt
1692 1361 1733 1396 in
1769 1360 1884 1397 caelo
1923 1361 2001 1406 ipsi

341 1424 455 1460 caelo
481 1422 707 1468 aequaliter
732 1422 963 1463 immediati,
1001 1422 1134 1457 motus
1169 1421 1210 1456 in
1246 1420 1360 1457 caelo
1388 1420 1540 1456 diversi
1565 1430 1648 1457 non
1674 1420 1920 1465 proveniunt
1946 1429 2000 1456 ex
2019 1422 2054 1447 20

340 1482 501 1519 defectu
522 1482 596 1518 sed
617 1491 671 1517 ex
692 1481 897 1517 efficiente
919 1490 1054 1522 causa,
1077 1481 1117 1516 et
1136 1480 1229 1516 ideo
1250 1489 1333 1516 non
1352 1481 1526 1525 possunt
1546 1488 1642 1516 esse
1657 1480 1736 1515 nisi
1754 1489 1807 1516 ex
1826 1479 1999 1516 diversis

340 1541 474 1578 causis
503 1541 692 1577 effective
718 1541 936 1585 loquendo.

478 1600 556 1637 Alii
581 1602 717 1636 tamen
744 1598 975 1644 philosophi
999 1599 1157 1644 ponunt
1182 1608 1325 1634 omnes
1352 1599 1485 1635 motus
1512 1599 1563 1634 ab
1589 1608 1671 1635 uno
1698 1600 1867 1635 motore.

477 1661 509 1696 3.
537 1659 725 1696 Similiter
750 1660 800 1695 ad
827 1658 989 1694 tertium
1015 1658 1242 1700 dicendum,
1278 1658 1386 1702 quod
1412 1667 1495 1693 non
1522 1659 1586 1694 est
1612 1658 1753 1699 simile,
1788 1658 1882 1702 quia
1908 1667 2002 1694 con-

340 1719 527 1755 trarietas
554 1719 734 1754 motuum
760 1728 850 1754 cum
871 1717 1109 1762 corporibus
1132 1718 1195 1752 est
1214 1726 1239 1753 a
1259 1716 1548 1753 contrarietate
1567 1716 1788 1753 formarum
1807 1716 2002 1753 inclinan-
2020 1717 2055 1742 25

340 1778 437 1814 tium
463 1779 514 1814 ad
541 1787 615 1814 sua
640 1777 766 1813 loca4.
816 1777 859 1812 In
885 1776 1096 1821 proposito
1123 1777 1259 1812 autem
1286 1777 1350 1811 est
1375 1775 1644 1812 contrarietas
1671 1785 1725 1811 ex
1751 1775 1914 1811 defectu
1940 1764 2003 1812 sui

339 1837 557 1883 regiminis.

478 1897 510 1931 4.
536 1896 597 1932 Ad
625 1896 809 1941 quartum
836 1895 1052 1931 dicendum
1079 1895 1187 1939 quod
1215 1904 1329 1938 „cum
1353 1894 1444 1939 plus
1471 1893 1598 1940 diligit
1623 1903 1669 1930 se
1703 1894 1821 1930 etc.“:
1860 1903 2003 1929 secun<

341 1956 434 1992 dum
460 1956 596 1991 tamen
622 1955 702 1990 vim
729 1954 969 1990 sensitivam
994 1963 1077 1989 non
1104 1954 1168 1989 est
1192 1953 1328 1989 anima
1353 1954 1449 1989 nata
1475 1953 1681 1999 diligendo
1706 1952 1865 1989 reflecti
1883 1953 1925 1988 in
1945 1962 2003 1994 se,

341 2015 415 2050 sed
441 2014 483 2049 in
508 2014 615 2050 aliud
641 2014 847 2049 movendo
875 2013 1060 2049 transire.
1109 2013 1227 2049 Unde
1254 2022 1337 2048 non
1363 2014 1530 2058 propter
1554 2013 1633 2049 hoc
1667 2012 1803 2048 anima
1838 2013 1902 2048 est
1927 2012 2004 2048 sibi
2023 2013 2056 2037 3⁰

342 2073 544 2109 contraria
569 2082 642 2118 per
668 2082 725 2115 se,
753 2073 826 2109 sed
853 2082 926 2117 per
951 2072 1157 2114 accidens,
1183 2072 1224 2108 in
1250 2072 1444 2117 quantum
1464 2072 1599 2108 unitur
1620 2071 1781 2116 corpori
1801 2072 2003 2116 corrupto.

479 2135 510 2168 5.
536 2132 598 2168 Ad
625 2132 806 2177 quintum
833 2132 1049 2168 dicendum
1076 2132 1183 2176 quod
1210 2132 1343 2167 motus
1370 2131 1594 2167 sensitivae
1620 2131 1759 2176 potest
1793 2129 2005 2175 dupliciter

342 2192 587 2237 comparari:
613 2192 680 2227 vel
706 2192 756 2228 ad
783 2191 987 2227 obiectum
1014 2200 1131 2226 suum
1157 2191 1224 2226 vel
1249 2191 1301 2227 ad
1328 2191 1516 2236 superius
1543 2200 1661 2226 suum
1697 2189 1852 2225 scilicet
1885 2189 2006 2225 ratio-

341 2261 434 2288 nem
446 2254 470 2287 5.
514 2251 644 2287 Primo
670 2251 792 2286 modo
813 2250 1000 2289 movetur
1018 2249 1256 2286 naturaliter
1274 2252 1316 2286 in
1335 2249 1577 2286 delectabile
1599 2249 1824 2284 secundum
1844 2249 2004 2293 gustum

342 2312 382 2346 et
407 2311 568 2346 tactum.
611 2309 659 2345 Et
683 2310 761 2346 hoc
786 2319 869 2345 non
896 2310 959 2345 est
984 2309 1144 2350 malum,
1171 2309 1265 2354 quia
1291 2318 1506 2345 commune
1534 2309 1597 2344 est
1623 2318 1713 2344 cum
1741 2307 1870 2343 simili.
1914 2307 2003 2343 Alio
2024 2312 2058 2338 35

341 2370 462 2405 modo
489 2370 612 2405 habet
648 2368 848 2405 rationem
884 2368 988 2409 mali,
1022 2368 1247 2419 secundum
1283 2368 1391 2412 quod
1424 2368 1683 2412 comparatur
1716 2367 1767 2403 ad
1792 2367 2004 2402 rationem.

342 2428 420 2464 Sed
450 2429 672 2464 secundum
697 2428 776 2464 hoc
803 2437 884 2463 non
912 2428 1035 2464 habet
1061 2437 1225 2463 causam
1254 2427 1513 2468 efficientem,
1541 2427 1614 2462 sed
1642 2426 1937 2462 deficientemss.

480 2488 511 2523 6.
546 2487 608 2523 Ad
644 2488 804 2523 sextum
840 2486 1056 2522 dicendum
1089 2487 1197 2530 quod
1231 2495 1342 2529 „cum
1369 2486 1490 2522 homo
1518 2485 1769 2530 concupiscit
1796 2485 1914 2520 etc.“:
1965 2484 2006 2521 Si

343 2547 487 2582 natura
513 2545 668 2582 dicatur
694 2546 736 2581 ut
762 2546 826 2581 est
851 2546 1052 2590 corrupta,
1079 2555 1219 2581 verum
1248 2545 1330 2588 est;
1358 2545 1392 2581 si
1417 2546 1460 2580 ut
1485 2545 1679 2586 instituta,
1705 2543 1850 2580 falsum
1879 2545 1952 2579 est.

480 2604 542 2641 Ad
569 2605 771 2641 obiectum
797 2606 848 2641 de
876 2604 1034 2641 habitu:
1079 2605 1187 2649 quod
1213 2604 1279 2640 ille
1306 2604 1466 2640 habitus
1493 2613 1575 2639 non
1604 2604 1668 2639 est
1694 2602 1771 2638 nisi
1798 2602 2004 2648 originalis
2024 2608 2059 2633 40

341 2663 506 2700 infectio
533 2664 583 2700 ad
610 2663 757 2699 malum
784 2664 995 2700 inclinans.
1047 2663 1088 2699 Si
1115 2673 1290 2708 quaeras
1319 2663 1406 2699 eius
1435 2672 1611 2705 causam,
1651 2662 1740 2698 dico
1776 2662 1883 2706 quod
1924 2671 2005 2697 non

481 2751 499 2781 6
521 2750 705 2790 potentiae
723 2749 806 2789 sint]
821 2750 996 2791 possibile
1017 2750 1062 2782 sit
1124 2750 1165 2781 15
1187 2748 1431 2790 corruptione]
1446 2749 1712 2790 corruptionem
1774 2748 1817 2780 30
1834 2747 1914 2786 sibi]
1929 2748 2006 2780 orbi

481 2844 493 2866 ¹
520 2845 589 2877 Cfr.
615 2846 790 2884 Bonav.‚
820 2845 885 2886 Op.
913 2854 1010 2877 omn.
1037 2844 1075 2883 ΙΙ,
1103 2845 1168 2877 744
1182 2845 1215 2877 b.

479 2897 494 2919 2
519 2898 660 2930 Ibidem
685 2898 749 2930 221
766 2898 787 2930 b
813 2896 1037 2937 (conclusio).
1178 2897 1193 2919 3
1217 2897 1358 2930 Ibidem
1385 2897 1487 2930 2251)
1513 2896 1560 2937 (3,
1588 2896 1632 2936 4).

480 2949 495 2971 4
521 2950 590 2983 Cir.
616 2951 759 2990 Arist„
786 2951 894 2991 Phys.
920 2951 975 2990 IV,
998 2951 1016 2983 4
1038 2949 1088 2990 (6)
1115 2949 1217 2990 (text.
1238 2949 1314 2990 30);
1340 2951 1392 2983 De
1419 2950 1529 2983 Caelo
1555 2950 1578 2987 I,
1600 2950 1618 2982 8
1645 2948 1747 2989 (text.
1774 2948 1844 2989 82),

480 3002 494 3024 ⁵
520 3003 590 3036 Cfr.
615 3004 785 3043 Bonav.‚
816 3004 881 3045 Op.
909 3012 1006 3037 omn.
1034 3004 1072 3043 II,
1101 3004 1202 3036 5831)
1228 2999 1454 3045 (conclusio).

481 3055 496 3077 ὓ
519 3056 634 3098 Aug„
660 3057 806 3089 Euchir.
833 3065 862 3089 e.
890 3057 933 3089 23
959 3055 1030 3095 (PL
1056 3057 1109 3095 40,
1137 3056 1202 3088 244
1229 3066 1261 3088 n.
1290 3055 1342 3096 8);
1369 3057 1421 3089 De
1447 3057 1520 3089 Civ.
1548 3056 1617 3096 XII,
1645 3057 1663 3088 7
1691 3054 1760 3095 (PL
1786 3056 1839 3095 41,
1867 3051 1959 3096 355).
