2095 3459
323 224 390 260 212
844 225 996 259 <Ioannis
1024 225 1193 259 Pechami
1218 224 1467 263 Quaestiones.

113 323 318 360 C.XXXV1.
529 323 784 368 Responsio
811 323 896 365 <ad
922 323 1241 367 quaestionem
1266 322 1545 359 tricesimam
1572 323 1783 364 sextam).

460 400 522 435 Ad
561 399 785 435 secundam
822 399 1108 444 quaestionem
1144 399 1360 435 dicendum
1396 399 1504 443 quod
1539 398 1580 433 in
1615 398 1676 434 his
1713 398 1900 435 omnibus
1927 400 1990 435 est

320 460 419 495 ordo
456 458 641 504 originis,
687 459 761 494 sed
796 459 975 499 actuum,
1019 467 1102 493 non
1137 457 1361 499 habituum,
1412 457 1506 501 quia
1542 457 1653 502 prius
1691 467 1808 493 mens
1846 458 1988 493 ordine

318 517 490 553 naturali
517 517 593 553 sibi
627 517 926 562 praesentatur,
965 526 1086 561 quam
1120 516 1377 561 intelligatur,
1413 515 1516 551 sicut
1552 515 1673 551 etiam
1708 516 1808 552 ordo
1845 517 1909 552 est
1945 516 1985 552 in

318 576 530 612 virtutibus
558 575 810 621 theologicis,
838 584 944 620 quae
971 576 1109 611 tamen
1136 575 1253 610 simul
1281 574 1555 610 infundantur.
2006 587 2022 611 5

455 635 555 670 Item
582 635 644 670 est
668 634 899 678 aequalitas
923 643 997 678 per
1024 633 1341 669 conversionem
1367 633 1528 669 animae
1556 643 1679 678 supra
1705 643 1762 675 se,
1804 634 1898 678 quia
1931 634 1987 670 ibi

317 695 485 729 verbum
511 703 535 729 a
561 694 699 729 mente
727 694 971 737 expressum
998 693 1062 728 est
1087 692 1213 727 menti
1238 701 1312 736 per
1338 692 1474 727 omnia
1500 692 1683 737 aequale,
1710 702 1800 728 cum
1826 702 1908 728 non
1935 693 1987 729 sit

315 753 356 788 in
381 752 563 788 inferiori
588 761 666 788 nec
691 752 732 787 in
759 751 961 796 superiori
986 752 1132 787 natura
1158 760 1279 795 quam
1307 750 1413 791 illud,
1440 750 1554 786 cuius
1582 752 1645 786 est
1664 752 1845 793 verbum,
1882 751 1986 787 sicut

317 811 436 847 docet
461 810 783 856 Augustinus,
809 810 869 845 De
900 810 1008 845 Trin.
1037 809 1098 851 IX,
1127 819 1213 854 cap.
1240 810 1295 845 81.

109 879 169 911 sol.
197 880 296 911 2101)
455 869 526 905 Est
546 869 668 905 etiam
689 868 744 904 ibi
758 868 1224 910 <con->substantialitas
1246 877 1407 912 compa—
1421 873 1433 911 n
1449 868 1578 903 rando
1598 868 1758 903 habitus
1778 868 1985 904 naturales
2007 879 2039 903 10

315 929 366 964 ad
394 928 662 964 substantiam
682 927 845 963 animae
867 927 1140 962 mediantibus
1162 926 1368 971 potentiis,
1395 935 1564 970 quarum
1585 927 1679 962 sunt
1698 925 1985 971 perfectiones,

314 986 435 1022 immo
465 986 695 1031 quiditates,
722 986 828 1030 quia,
855 987 898 1021 ut
925 986 1074 1021 dictum
1102 986 1199 1027 est2,
1226 985 1322 1020 nihil
1348 985 1502 1020 addunt
1528 994 1651 1030 supra
1675 985 1910 1030 potentiam.

105 1069 316 1105 D.XXXVI.
481 1050 656 1105 vSolutio
685 1069 972 1104 obiectorum
999 1067 1306 1112 <quaestionis
1332 1067 1594 1103 tricesimae
1621 1068 1814 1109 sextae).

454 1148 484 1181 1.
510 1146 557 1181 Et
584 1146 642 1182 sic
667 1146 780 1190 patet
805 1145 857 1181 ad
883 1145 1066 1189 primum.

452 1206 483 1240 2.
511 1205 572 1240 Ad
609 1204 834 1240 secundum
872 1203 1087 1239 dicendum
1125 1203 1232 1248 quod
1267 1212 1382 1238 amor
1408 1203 1473 1238 vel
1508 1203 1712 1247 appetitus
1748 1203 1789 1238 in
1823 1203 1982 1239 ratione
2005 1212 2036 1237 15

313 1264 506 1300 desiderii
540 1263 767 1308 imperfecti
801 1262 1013 1307 praecedit
1047 1263 1205 1306 partum
1240 1261 1388 1297 mentis
1424 1261 1490 1297 vel
1525 1262 1706 1302 verbum,
1745 1261 1838 1306 quia
1872 1262 1984 1297 ante-

312 1333 433 1367 quam
455 1322 653 1368 intelligat
672 1323 806 1363 homo,
834 1321 1042 1357 desiderat
1062 1320 1301 1366 intelligere.
1341 1319 1422 1356 Sed
1444 1329 1559 1355 amor
1577 1320 1795 1364 perfectus,
1823 1320 1982 1365 spirans

312 1381 651 1426 complacentiam
678 1382 719 1417 et
743 1380 950 1421 laetitiam,
977 1380 1154 1424 pertinet
1179 1379 1231 1415 ad
1257 1379 1476 1424 imaginem
1484 1386 1492 1421 ;
1530 1379 1570 1414 et
1595 1378 1660 1414 hic
1686 1379 1868 1423 sequitur
1892 1388 1983 1415 ver—

311 1442 415 1477 bum.
465 1440 686 1476 Praeterea
711 1440 821 1475 illum
847 1439 1073 1483 appetitum
1098 1438 1381 1483 imperfectum
1417 1438 1457 1473 et
1492 1447 1739 1482 suspensum
1773 1438 1983 1482 praecedit

310 1500 445 1544 aliqua
471 1499 661 1545 cognitio.
710 1498 850 1534 Nullus
879 1498 987 1533 enim
1014 1506 1269 1543 cognoscere
1295 1496 1459 1541 appetit,
1498 1496 1576 1532 nisi
1612 1497 1721 1541 quod
1754 1496 1982 1541 aliqualiter
2001 1505 2034 1530 20

309 1559 433 1594 nova·
448 1618 480 1653 3.
507 1616 569 1652 Ad
596 1617 704 1652 aliud
733 1616 938 1652 obiectum
964 1615 1087 1660 patet.

102 1701 324 1737 CXXXVII.
486 1699 741 1744 Responsio
769 1698 853 1740 <ad
881 1697 1199 1742 quaestionem
1226 1696 1507 1732 tricesimam
1534 1696 1809 1741 septimam).

448 1776 509 1811 Ad
537 1775 766 1819 quaesitum
802 1774 1085 1819 argumentum
1121 1773 1386 1818 Augustini
1421 1774 1543 1817 patet,
1582 1774 1689 1818 quod
1726 1773 1832 1808 bene
1866 1774 1980 1809 tenet

310 1835 604 1879 argumentum.
653 1832 847 1869 Efficacia
874 1832 981 1868 enim
1009 1832 1097 1868 eIus
1125 1833 1188 1868 est
1214 1832 1421 1867 declarata
1448 1841 1570 1876 supra
1596 1832 1636 1867 in
1661 1832 1902 1876 quaestione
1928 1833 1979 1868 de
1999 1845 2032 1870 25

308 1893 501 1937 potentiis
528 1893 701 1928 animae.

448 1953 478 1987 1.
505 1951 552 1987 Et
579 1952 804 1987 secundum
831 1950 1046 1986 veritatem
1072 1951 1156 1985 tam
1182 1950 1359 1995 cognitio
1387 1959 1507 1994 quam
1528 1949 1690 1986 dilectio
1712 1949 1807 1985 dicit
1827 1951 1979 1985 motum

308 2012 359 2046 ab
386 2011 531 2052 anima,
559 2011 722 2046 dicente
750 2009 1046 2055 Augustino,
1073 2008 1211 2052 Super
1237 2008 1332 2044 Gen.
1354 2009 1411 2044 ad
1431 2009 1506 2044 [Αἰ.
1534 2008 1619 2043 ΙΙΙ.3
1645 2009 1753 2053 quod
1779 2008 1977 2054 imagines

308 2079 391 2105 non
417 2079 565 2115 corpus
593 2069 633 2105 in
661 2069 814 2114 spiritu,
842 2068 916 2104 sed
944 2067 1108 2112 spiritus
1136 2067 1176 2102 in
1204 2077 1249 2103 se
1276 2067 1365 2112 ipso
1392 2066 1540 2103 format
1566 2067 1775 2103 celeritate
1796 2067 1977 2103 mirabili.

309 2129 389 2165 Sed
416 2129 510 2174 quia
535 2129 614 2164 ista
638 2128 827 2164 formatio
854 2137 937 2163 non
962 2127 1018 2168 fit,
1046 2127 1125 2162 nisi
1150 2126 1441 2171 praeveniatur
1466 2126 1507 2161 in
1533 2127 1668 2171 aliqua
1694 2126 1886 2162 citatione
1912 2127 1977 2162 vel
1998 2139 2031 2163 30

309 2188 556 2224 excitatione
583 2198 607 2224 a
633 2188 756 2223 rebus
785 2186 1047 2222 sensibilibus
1073 2195 1148 2230 per
1174 2194 1342 2221 sensum
1368 2184 1485 2226 facta,
1511 2185 1603 2221 ideo
1632 2185 1774 2221 dicitur
1800 2185 1976 2230 cognitio

307 2248 440 2283 motus
467 2247 519 2283 ad
545 2247 734 2282 animam.
785 2245 867 2282 Sed
893 2245 1098 2289 appetitus
1125 2244 1175 2279 de
1203 2253 1249 2279 se
1277 2243 1371 2279 dicit
1397 2245 1552 2279 tantum
1578 2245 1730 2279 motum
1763 2244 1814 2279 ad
1850 2244 1976 2279 extra.

306 2305 353 2340 Et
378 2305 472 2341 ideo
499 2315 641 2341 verum
668 2306 732 2340 est
757 2314 830 2349 pro
858 2304 972 2339 tanto
999 2304 1170 2339 verbum
1191 2302 1490 2347 Philosophi.
1530 2302 1628 2338 Tam
1654 2302 1832 2348 cognItio
1859 2302 1979 2347 igitur

307 2374 426 2408 quam
455 2364 617 2400 dilectio
645 2364 784 2399 dicunt
810 2364 964 2398 motum
989 2362 1041 2398 ad
1068 2362 1201 2403 extra;
1230 2361 1301 2396 sed
1330 2360 1507 2406 cognitio
1536 2370 1625 2396 cum
1652 2362 1762 2396 motu
1788 2361 1839 2397 ad
1860 2362 1977 2396 extra

306 2424 458 2458 motum
485 2422 536 2458 ad
562 2423 668 2458 intra
693 2421 1000 2466 praesupponit.
1994 2428 2027 2452 35

446 2482 477 2516 2.
504 2481 565 2516 Ad
593 2482 818 2517 secundum
845 2480 954 2525 quod
983 2479 1231 2523 „subiectum
1253 2488 1334 2514 non
1356 2478 1519 2514 excedit
1540 2487 1584 2513 se
1605 2478 1748 2522 ipsum,
1776 2478 1879 2514 sicut
1898 2487 1976 2513 nec

306 2540 498 2576 accidens
527 2540 787 2580 subiectum“‚
815 2548 957 2574 verum
984 2539 1048 2573 est
1072 2537 1236 2582 quidem
1256 2537 1461 2581 loquendo
1484 2536 1534 2571 de
1556 2545 1734 2572 excessu
1755 2536 1974 2574 essentiae.

306 2600 381 2635 sed
408 2609 489 2635 non
516 2600 580 2634 est
604 2608 747 2634 verum
772 2598 979 2642 loquendo
1007 2597 1058 2632 de
1095 2605 1273 2632 excessu
1309 2595 1531 2636 efficaciae,
1570 2595 1760 2639 quoniam
1799 2604 1975 2645 perlpo—

305 2657 474 2693 tentiam
500 2658 636 2693 anima
662 2667 744 2693 non
770 2658 927 2692 tantum
952 2656 993 2691 in
1021 2665 1066 2691 se
1093 2655 1326 2695 reflectitur,
1361 2655 1434 2690 sed
1461 2654 1500 2689 in
1529 2654 1807 2690 extrinsecum
1834 2654 1975 2689 exten-

307 2716 412 2752 ditur
437 2717 480 2752 ut
506 2716 721 2752 obiectum.
773 2715 890 2755 Quod
916 2715 956 2750 vi
982 2713 1225 2750 accidentali
1252 2713 1340 2749 sola
1373 2712 1463 2748 fieri
1496 2713 1559 2748 est
1594 2712 1857 2757 impossibile,
1896 2712 1974 2747 nisi
1993 2725 2026 2750 40

307 2774 346 2809 vi
373 2774 630 2810 substantiali
655 2774 955 2818 praeveniatur,
992 2774 1034 2808 ut
1070 2782 1193 2817 supra
1229 2771 1460 2816 expositum
1497 2771 1561 2806 est
1586 2771 1626 2806 in
1653 2770 1896 2815 quaestione
1924 2770 1973 2806 de

306 2833 498 2877 potentiis
525 2833 687 2869 animae
699 2836 723 2868 4.

446 2919 464 2951 6
491 2918 590 2957 Item]
616 2919 666 2950 ita
748 2919 766 2950 9
794 2917 826 2957 8]
853 2918 880 2949 Il
966 2918 1008 2949 22
1036 2917 1131 2949 aliud
1152 2914 1342 2954 obiectum]
1370 2915 1441 2946 alia
1467 2915 1609 2946 obiecta
1688 2915 1729 2946 24
1759 2913 1973 2954 quaesitum]

307 2972 508 3011 quaesitam
605 2972 644 3003 41
673 2969 913 3008 substantiali]
943 2970 1096 3001 additur
1121 2970 1162 3000 in
1188 2968 1362 3007 maryz'ne

445 3052 457 3074 1
482 3054 537 3085 PL
565 3053 618 3091 42,
645 3054 712 3085 970
738 3063 769 3085 n.
800 3053 851 3084 13.
994 3050 1009 3072 2
1035 3051 1153 3091 Supra
1179 3060 1211 3091 q.
1239 3050 1356 3088 XXXI,
1384 3049 1419 3088 C,
1448 3059 1480 3089 p.
1509 3049 1574 3081 202
1596 3058 1623 3081 s.

444 3105 458 3127 3
484 3105 554 3138 Cfr.
580 3105 636 3137 PL
662 3106 715 3144 34,
743 3106 808 3137 469
830 3114 868 3143 s.,
896 3113 928 3136 n.
958 3104 1104 3135 40-41.
1247 3101 1261 3123 4
1288 3102 1405 3142 Supra
1429 3111 1462 3142 p.
1491 3101 1567 3134 204.
