<?xml version="1.0" encoding="UTF-8"?>
<!DOCTYPE html PUBLIC "-//W3C//DTD XHTML 1.0 Transitional//EN"
    "http://www.w3.org/TR/xhtml1/DTD/xhtml1-transitional.dtd">
<html xmlns="http://www.w3.org/1999/xhtml" xml:lang="en" lang="en">
 <head>
  <title>
</title>
<meta http-equiv="Content-Type" content="text/html;charset=utf-8" />
  <meta name='ocr-system' content='tesseract 3.04.00' />
  <meta name='ocr-capabilities' content='ocr_page ocr_carea ocr_par ocr_line ocrx_word'/>
</head>
<body>
  <div class='ocr_page' id='page_1' title='image "./johannispechamiq00peck/johannispechamiq00peck_0086.png"; bbox 0 0 2095 3459; ppageno 0'>
   <div class='ocr_carea' id='block_1_1' title="bbox 336 199 1497 235">
    <p class='ocr_par' dir='ltr' id='par_1_1' title="bbox 336 199 1497 235">
     <span class='ocr_line' id='line_1_1' title="bbox 336 199 1497 235; baseline -0.002 -2"><span class='ocrx_word' id='word_1_1' title='bbox 336 199 380 233; x_wconf 78' lang='lat'>42</span> <span class='ocrx_word' id='word_1_2' title='bbox 848 199 869 231; x_wconf 79' lang='lat' dir='ltr'>J</span> <span class='ocrx_word' id='word_1_3' title='bbox 874 199 1026 232; x_wconf 83' lang='lat' dir='ltr'>ohannis</span> <span class='ocrx_word' id='word_1_4' title='bbox 1053 199 1219 231; x_wconf 78' lang='lat' dir='ltr'>Pechami</span> <span class='ocrx_word' id='word_1_5' title='bbox 1247 199 1497 235; x_wconf 82' lang='lat' dir='ltr'>Quaestiones.</span> 
     </span>
    </p>
   </div>
   <div class='ocr_carea' id='block_1_2' title="bbox 60 293 2062 2177">
    <p class='ocr_par' dir='ltr' id='par_1_2' title="bbox 76 293 2009 510">
     <span class='ocr_line' id='line_1_2' title="bbox 76 293 2009 342; baseline -0.001 -12"><span class='ocrx_word' id='word_1_6' title='bbox 76 307 108 339; x_wconf 71' lang='grc' dir='ltr'><strong><em>Α</em></strong></span> <span class='ocrx_word' id='word_1_7' title='bbox 128 307 191 341; x_wconf 56' lang='grc' dir='ltr'>χοι,</span> <span class='ocrx_word' id='word_1_8' title='bbox 212 308 319 340; x_wconf 82' lang='lat' dir='ltr'>2lva</span> <span class='ocrx_word' id='word_1_9' title='bbox 477 297 541 342; x_wconf 82' lang='lat'>(7.)</span> <span class='ocrx_word' id='word_1_10' title='bbox 570 298 622 332; x_wconf 82' lang='lat'>19.</span> <span class='ocrx_word' id='word_1_11' title='bbox 648 296 753 339; x_wconf 68' lang='lat' dir='ltr'>{Item</span> <span class='ocrx_word' id='word_1_12' title='bbox 779 296 819 332; x_wconf 91' lang='lat' dir='ltr'>in</span> <span class='ocrx_word' id='word_1_13' title='bbox 850 296 973 332; x_wconf 91' lang='lat' dir='ltr'>rebus</span> <span class='ocrx_word' id='word_1_14' title='bbox 1000 305 1025 331; x_wconf 92' lang='lat' dir='ltr'>a</span> <span class='ocrx_word' id='word_1_15' title='bbox 1050 295 1220 331; x_wconf 88' lang='lat' dir='ltr'>materia</span> <span class='ocrx_word' id='word_1_16' title='bbox 1237 299 1251 338; x_wconf 86' lang='grc'>11</span> <span class='ocrx_word' id='word_1_17' title='bbox 1270 295 1470 340; x_wconf 87' lang='lat' dir='ltr'>separatis</span> <span class='ocrx_word' id='word_1_18' title='bbox 1498 305 1580 331; x_wconf 93' lang='lat' dir='ltr'>non</span> <span class='ocrx_word' id='word_1_19' title='bbox 1607 295 1670 330; x_wconf 93' lang='lat' dir='ltr'>est</span> <span class='ocrx_word' id='word_1_20' title='bbox 1695 294 1735 330; x_wconf 91' lang='lat' dir='ltr'>in</span> <span class='ocrx_word' id='word_1_21' title='bbox 1763 293 1901 338; x_wconf 89' lang='lat' dir='ltr'>specie</span> <span class='ocrx_word' id='word_1_22' title='bbox 1927 303 2009 330; x_wconf 89' lang='lat' dir='ltr'>una</span> 
     </span>
     <span class='ocr_line' id='line_1_3' title="bbox 336 352 2007 402; baseline -0.002 -10"><span class='ocrx_word' id='word_1_23' title='bbox 336 357 425 402; x_wconf 91' lang='lat' dir='ltr'>plus</span> <span class='ocrx_word' id='word_1_24' title='bbox 451 365 571 401; x_wconf 89' lang='lat' dir='ltr'>quam</span> <span class='ocrx_word' id='word_1_25' title='bbox 598 365 721 391; x_wconf 92' lang='lat' dir='ltr'>unum</span> <span class='ocrx_word' id='word_1_26' title='bbox 756 352 1006 390; x_wconf 80' lang='lat' dir='ltr'>individuum</span> <span class='ocrx_word' id='word_1_27' title='bbox 1018 356 1042 389; x_wconf 91' lang='lat'>1.</span> <span class='ocrx_word' id='word_1_28' title='bbox 1093 354 1172 390; x_wconf 85' lang='lat' dir='ltr'>Sed</span> <span class='ocrx_word' id='word_1_29' title='bbox 1200 354 1430 390; x_wconf 90' lang='lat' dir='ltr'>intellectus</span> <span class='ocrx_word' id='word_1_30' title='bbox 1457 354 1698 390; x_wconf 90' lang='lat' dir='ltr'>universalis</span> <span class='ocrx_word' id='word_1_31' title='bbox 1734 355 1797 390; x_wconf 91' lang='lat' dir='ltr'>est</span> <span class='ocrx_word' id='word_1_32' title='bbox 1824 353 2007 390; x_wconf 92' lang='lat' dir='ltr'>eiusdem</span> 
     </span>
     <span class='ocr_line' id='line_1_4' title="bbox 337 412 2008 461; baseline -0.001 -11"><span class='ocrx_word' id='word_1_33' title='bbox 337 415 501 461; x_wconf 84' lang='lat' dir='ltr'>generis</span> <span class='ocrx_word' id='word_1_34' title='bbox 529 424 619 450; x_wconf 89' lang='lat' dir='ltr'>cum</span> <span class='ocrx_word' id='word_1_35' title='bbox 646 413 885 450; x_wconf 84' lang='lat' dir='ltr'>substantiis</span> <span class='ocrx_word' id='word_1_36' title='bbox 911 413 1122 458; x_wconf 91' lang='lat' dir='ltr'>separatis.</span> <span class='ocrx_word' id='word_1_37' title='bbox 1171 413 1277 460; x_wconf 87' lang='lat' dir='ltr'>Ergo</span> <span class='ocrx_word' id='word_1_38' title='bbox 1305 413 1488 449; x_wconf 89' lang='lat' dir='ltr'>similiter</span> <span class='ocrx_word' id='word_1_39' title='bbox 1527 413 1569 449; x_wconf 94' lang='lat' dir='ltr'>in</span> <span class='ocrx_word' id='word_1_40' title='bbox 1604 413 1743 458; x_wconf 90' lang='lat' dir='ltr'>specie</span> <span class='ocrx_word' id='word_1_41' title='bbox 1778 412 2008 449; x_wconf 89' lang='lat' dir='ltr'>intellectus</span> 
     </span>
     <span class='ocr_line' id='line_1_5' title="bbox 336 472 1349 510; baseline -0.002 0"><span class='ocrx_word' id='word_1_42' title='bbox 336 473 503 510; x_wconf 89' lang='lat' dir='ltr'>humani</span> <span class='ocrx_word' id='word_1_43' title='bbox 528 483 611 509; x_wconf 89' lang='lat' dir='ltr'>non</span> <span class='ocrx_word' id='word_1_44' title='bbox 638 474 701 509; x_wconf 91' lang='lat' dir='ltr'>est</span> <span class='ocrx_word' id='word_1_45' title='bbox 727 473 806 508; x_wconf 90' lang='lat' dir='ltr'>nisi</span> <span class='ocrx_word' id='word_1_46' title='bbox 832 482 936 508; x_wconf 90' lang='lat' dir='ltr'>unus</span> <span class='ocrx_word' id='word_1_47' title='bbox 964 473 1005 508; x_wconf 92' lang='lat' dir='ltr'>et</span> <span class='ocrx_word' id='word_1_48' title='bbox 1029 472 1086 508; x_wconf 92' lang='lat' dir='ltr'>ita</span> <span class='ocrx_word' id='word_1_49' title='bbox 1112 472 1349 509; x_wconf 87' lang='lat' dir='ltr'>communis.</span> 
     </span>
    </p>

    <p class='ocr_par' dir='ltr' id='par_1_3' title="bbox 337 531 2061 1051">
     <span class='ocr_line' id='line_1_6' title="bbox 477 531 2042 578; baseline -0.003 -10"><span class='ocrx_word' id='word_1_50' title='bbox 477 532 541 578; x_wconf 84' lang='lat'>(8.)</span> <span class='ocrx_word' id='word_1_51' title='bbox 579 533 632 568; x_wconf 87' lang='lat'>20.</span> <span class='ocrx_word' id='word_1_52' title='bbox 659 532 758 568; x_wconf 85' lang='lat' dir='ltr'><strong>Item</strong></span> <span class='ocrx_word' id='word_1_53' title='bbox 785 532 820 568; x_wconf 96' lang='lat' dir='ltr'>si</span> <span class='ocrx_word' id='word_1_54' title='bbox 844 531 1075 568; x_wconf 92' lang='lat' dir='ltr'>intellectus</span> <span class='ocrx_word' id='word_1_55' title='bbox 1101 531 1395 567; x_wconf 83' lang='lat' dir='ltr'>determinatur</span> <span class='ocrx_word' id='word_1_56' title='bbox 1421 531 1647 568; x_wconf 91' lang='lat' dir='ltr'>secundum</span> <span class='ocrx_word' id='word_1_57' title='bbox 1682 531 2042 568; x_wconf 68' lang='lat' dir='ltr'>numeration.em,5</span> 
     </span>
     <span class='ocr_line' id='line_1_7' title="bbox 337 590 2009 636; baseline -0.001 -8"><span class='ocrx_word' id='word_1_58' title='bbox 337 592 636 628; x_wconf 88' lang='lat' dir='ltr'>individuorum</span> <span class='ocrx_word' id='word_1_59' title='bbox 653 590 809 636; x_wconf 91' lang='lat' dir='ltr'>speciei</span> <span class='ocrx_word' id='word_1_60' title='bbox 827 591 1044 632; x_wconf 81' lang='lat' dir='ltr'>humanae,</span> <span class='ocrx_word' id='word_1_61' title='bbox 1059 599 1212 635; x_wconf 88' lang='lat' dir='ltr'>quaero</span> <span class='ocrx_word' id='word_1_62' title='bbox 1234 600 1314 635; x_wconf 93' lang='lat' dir='ltr'>quo</span> <span class='ocrx_word' id='word_1_63' title='bbox 1336 590 1629 627; x_wconf 88' lang='lat' dir='ltr'>determinatur</span> <span class='ocrx_word' id='word_1_64' title='bbox 1643 591 1709 626; x_wconf 89' lang='lat' dir='ltr'>vel</span> <span class='ocrx_word' id='word_1_65' title='bbox 1725 590 2009 636; x_wconf 83' lang='lat' dir='ltr'>appropriatur</span> 
     </span>
     <span class='ocr_line' id='line_1_8' title="bbox 337 648 2009 695; baseline -0.001 -7"><span class='ocrx_word' id='word_1_66' title='bbox 337 652 389 688; x_wconf 90' lang='lat' dir='ltr'>ad</span> <span class='ocrx_word' id='word_1_67' title='bbox 415 651 494 687; x_wconf 90' lang='lat' dir='ltr'>hoc</span> <span class='ocrx_word' id='word_1_68' title='bbox 521 660 669 695; x_wconf 87' lang='lat' dir='ltr'>corpus</span> <span class='ocrx_word' id='word_1_69' title='bbox 696 650 763 686; x_wconf 92' lang='lat' dir='ltr'>vel</span> <span class='ocrx_word' id='word_1_70' title='bbox 789 654 838 686; x_wconf 88' lang='lat' dir='ltr'>ad</span> <span class='ocrx_word' id='word_1_71' title='bbox 863 648 990 686; x_wconf 84' lang='lat' dir='ltr'>illud‘?</span> <span class='ocrx_word' id='word_1_72' title='bbox 1028 649 1117 685; x_wconf 93' lang='lat' dir='ltr'>Non</span> <span class='ocrx_word' id='word_1_73' title='bbox 1143 659 1216 694; x_wconf 89' lang='lat' dir='ltr'>per</span> <span class='ocrx_word' id='word_1_74' title='bbox 1242 649 1393 695; x_wconf 91' lang='lat' dir='ltr'>aliquid</span> <span class='ocrx_word' id='word_1_75' title='bbox 1420 659 1445 686; x_wconf 90' lang='lat' dir='ltr'>a</span> <span class='ocrx_word' id='word_1_76' title='bbox 1482 651 1598 695; x_wconf 84' lang='lat' dir='ltr'>parte</span> <span class='ocrx_word' id='word_1_77' title='bbox 1637 650 1880 691; x_wconf 87' lang='lat' dir='ltr'>intellectus,</span> <span class='ocrx_word' id='word_1_78' title='bbox 1919 659 2009 686; x_wconf 90' lang='lat' dir='ltr'>cum</span> 
     </span>
     <span class='ocr_line' id='line_1_9' title="bbox 337 709 2008 755; baseline -0.001 -9"><span class='ocrx_word' id='word_1_79' title='bbox 337 720 420 746; x_wconf 91' lang='lat' dir='ltr'>non</span> <span class='ocrx_word' id='word_1_80' title='bbox 447 710 498 746; x_wconf 92' lang='lat' dir='ltr'>sit</span> <span class='ocrx_word' id='word_1_81' title='bbox 524 719 672 755; x_wconf 85' lang='lat' dir='ltr'>corpus</span> <span class='ocrx_word' id='word_1_82' title='bbox 698 719 777 746; x_wconf 93' lang='lat' dir='ltr'>nec</span> <span class='ocrx_word' id='word_1_83' title='bbox 803 709 930 745; x_wconf 92' lang='lat' dir='ltr'>virtus</span> <span class='ocrx_word' id='word_1_84' title='bbox 956 709 997 744; x_wconf 90' lang='lat' dir='ltr'>in</span> <span class='ocrx_word' id='word_1_85' title='bbox 1036 718 1208 754; x_wconf 90' lang='lat' dir='ltr'>corpore</span> <span class='ocrx_word' id='word_1_86' title='bbox 1248 710 1289 745; x_wconf 91' lang='lat' dir='ltr'>et</span> <span class='ocrx_word' id='word_1_87' title='bbox 1326 718 1351 745; x_wconf 92' lang='lat' dir='ltr'>a</span> <span class='ocrx_word' id='word_1_88' title='bbox 1385 709 1661 745; x_wconf 85' lang='lat' dir='ltr'>materialibus</span> <span class='ocrx_word' id='word_1_89' title='bbox 1700 709 2008 745; x_wconf 83' lang='lat' dir='ltr'>condicionibus</span> 
     </span>
     <span class='ocr_line' id='line_1_10' title="bbox 338 768 2010 814; baseline -0.001 -9"><span class='ocrx_word' id='word_1_90' title='bbox 338 769 500 814; x_wconf 90' lang='lat' dir='ltr'>penitus</span> <span class='ocrx_word' id='word_1_91' title='bbox 527 769 739 805; x_wconf 89' lang='lat' dir='ltr'>absolutus</span> <span class='ocrx_word' id='word_1_92' title='bbox 752 771 777 804; x_wconf 84' lang='lat'>2.</span> <span class='ocrx_word' id='word_1_93' title='bbox 803 768 892 804; x_wconf 94' lang='lat' dir='ltr'>Non</span> <span class='ocrx_word' id='word_1_94' title='bbox 912 778 937 804; x_wconf 92' lang='lat' dir='ltr'>a</span> <span class='ocrx_word' id='word_1_95' title='bbox 955 777 1128 813; x_wconf 91' lang='lat' dir='ltr'>corpore</span> <span class='ocrx_word' id='word_1_96' title='bbox 1149 768 1445 813; x_wconf 88' lang='lat' dir='ltr'>appropriatur,</span> <span class='ocrx_word' id='word_1_97' title='bbox 1467 768 1562 814; x_wconf 92' lang='lat' dir='ltr'>quia</span> <span class='ocrx_word' id='word_1_98' title='bbox 1587 778 1671 805; x_wconf 90' lang='lat' dir='ltr'>non</span> <span class='ocrx_word' id='word_1_99' title='bbox 1696 769 1840 814; x_wconf 91' lang='lat' dir='ltr'>posset</span> <span class='ocrx_word' id='word_1_100' title='bbox 1865 778 2010 814; x_wconf 92' lang='lat' dir='ltr'>appro-</span> 
     </span>
     <span class='ocr_line' id='line_1_11' title="bbox 338 827 2061 873; baseline 0 -9"><span class='ocrx_word' id='word_1_101' title='bbox 338 828 461 873; x_wconf 89' lang='lat' dir='ltr'>priari</span> <span class='ocrx_word' id='word_1_102' title='bbox 497 828 659 873; x_wconf 82' lang='lat' dir='ltr'>corpori</span> <span class='ocrx_word' id='word_1_103' title='bbox 692 827 771 863; x_wconf 84' lang='lat' dir='ltr'>nisi</span> <span class='ocrx_word' id='word_1_104' title='bbox 808 837 884 872; x_wconf 91' lang='lat' dir='ltr'>per</span> <span class='ocrx_word' id='word_1_105' title='bbox 920 827 1097 872; x_wconf 88' lang='lat' dir='ltr'>aliquam</span> <span class='ocrx_word' id='word_1_106' title='bbox 1136 827 1448 872; x_wconf 84' lang='lat' dir='ltr'>dispositionem</span> <span class='ocrx_word' id='word_1_107' title='bbox 1485 828 1655 864; x_wconf 86' lang='lat' dir='ltr'>alicuius</span> <span class='ocrx_word' id='word_1_108' title='bbox 1693 827 1903 873; x_wconf 88' lang='lat' dir='ltr'>potentiae</span> <span class='ocrx_word' id='word_1_109' title='bbox 1941 828 2008 865; x_wconf 92' lang='lat' dir='ltr'>vel</span> <span class='ocrx_word' id='word_1_110' title='bbox 2029 840 2061 864; x_wconf 88' lang='lat'>10</span> 
     </span>
     <span class='ocr_line' id='line_1_12' title="bbox 338 886 2009 933; baseline 0 -9"><span class='ocrx_word' id='word_1_111' title='bbox 338 887 575 933; x_wconf 79' lang='lat' dir='ltr'>receptivae</span> <span class='ocrx_word' id='word_1_112' title='bbox 601 887 667 923; x_wconf 91' lang='lat' dir='ltr'>vel</span> <span class='ocrx_word' id='word_1_113' title='bbox 693 887 865 923; x_wconf 85' lang='lat' dir='ltr'>activae.</span> <span class='ocrx_word' id='word_1_114' title='bbox 914 886 1004 923; x_wconf 96' lang='lat' dir='ltr'>Non</span> <span class='ocrx_word' id='word_1_115' title='bbox 1029 886 1278 931; x_wconf 88' lang='lat' dir='ltr'>receptivae,</span> <span class='ocrx_word' id='word_1_116' title='bbox 1317 886 1412 932; x_wconf 91' lang='lat' dir='ltr'>quia</span> <span class='ocrx_word' id='word_1_117' title='bbox 1448 887 1511 923; x_wconf 85' lang='lat' dir='ltr'>illa</span> <span class='ocrx_word' id='word_1_118' title='bbox 1554 888 1618 923; x_wconf 93' lang='lat' dir='ltr'>est</span> <span class='ocrx_word' id='word_1_119' title='bbox 1642 887 1891 930; x_wconf 75' lang='lat' dir='ltr'>indifferens,</span> <span class='ocrx_word' id='word_1_120' title='bbox 1926 897 2009 924; x_wconf 90' lang='lat' dir='ltr'>non</span> 
     </span>
     <span class='ocr_line' id='line_1_13' title="bbox 338 946 2010 991; baseline 0 -8"><span class='ocrx_word' id='word_1_121' title='bbox 338 946 511 988; x_wconf 85' lang='lat' dir='ltr'>activae,</span> <span class='ocrx_word' id='word_1_122' title='bbox 532 947 627 991; x_wconf 90' lang='lat' dir='ltr'>quia</span> <span class='ocrx_word' id='word_1_123' title='bbox 646 946 831 991; x_wconf 88' lang='lat' dir='ltr'>potentia</span> <span class='ocrx_word' id='word_1_124' title='bbox 850 946 986 982; x_wconf 88' lang='lat' dir='ltr'>activa</span> <span class='ocrx_word' id='word_1_125' title='bbox 1005 956 1088 982; x_wconf 92' lang='lat' dir='ltr'>non</span> <span class='ocrx_word' id='word_1_126' title='bbox 1108 947 1246 991; x_wconf 91' lang='lat' dir='ltr'>potest</span> <span class='ocrx_word' id='word_1_127' title='bbox 1265 946 1342 982; x_wconf 89' lang='lat' dir='ltr'>sibi</span> <span class='ocrx_word' id='word_1_128' title='bbox 1360 946 1626 991; x_wconf 87' lang='lat' dir='ltr'>appropriare</span> <span class='ocrx_word' id='word_1_129' title='bbox 1646 946 1724 982; x_wconf 88' lang='lat' dir='ltr'>nisi</span> <span class='ocrx_word' id='word_1_130' title='bbox 1744 947 1852 991; x_wconf 91' lang='lat' dir='ltr'>quod</span> <span class='ocrx_word' id='word_1_131' title='bbox 1872 948 2010 991; x_wconf 88' lang='lat' dir='ltr'>potest</span> 
     </span>
     <span class='ocr_line' id='line_1_14' title="bbox 339 1004 1920 1051; baseline -0.001 -8"><span class='ocrx_word' id='word_1_132' title='bbox 339 1007 390 1043; x_wconf 93' lang='lat' dir='ltr'>de</span> <span class='ocrx_word' id='word_1_133' title='bbox 416 1006 601 1051; x_wconf 83' lang='lat' dir='ltr'>potentia</span> <span class='ocrx_word' id='word_1_134' title='bbox 620 1005 816 1042; x_wconf 90' lang='lat' dir='ltr'>materiae</span> <span class='ocrx_word' id='word_1_135' title='bbox 836 1005 1049 1041; x_wconf 88' lang='lat' dir='ltr'>reducere.</span> <span class='ocrx_word' id='word_1_136' title='bbox 1077 1004 1194 1045; x_wconf 88' lang='lat' dir='ltr'>Quod</span> <span class='ocrx_word' id='word_1_137' title='bbox 1214 1015 1297 1041; x_wconf 91' lang='lat' dir='ltr'>non</span> <span class='ocrx_word' id='word_1_138' title='bbox 1323 1006 1448 1041; x_wconf 89' lang='lat' dir='ltr'>habet</span> <span class='ocrx_word' id='word_1_139' title='bbox 1472 1005 1606 1041; x_wconf 89' lang='lat' dir='ltr'>locum</span> <span class='ocrx_word' id='word_1_140' title='bbox 1632 1005 1672 1041; x_wconf 89' lang='lat' dir='ltr'>in</span> <span class='ocrx_word' id='word_1_141' title='bbox 1698 1005 1920 1051; x_wconf 90' lang='lat' dir='ltr'>proposito.</span> 
     </span>
    </p>

    <p class='ocr_par' dir='ltr' id='par_1_4' title="bbox 478 1064 2009 1110">
     <span class='ocr_line' id='line_1_15' title="bbox 478 1064 2009 1110; baseline -0.001 -9"><span class='ocrx_word' id='word_1_142' title='bbox 478 1065 697 1102; x_wconf 91' lang='lat' dir='ltr'>Dicebatur</span> <span class='ocrx_word' id='word_1_143' title='bbox 724 1065 833 1110; x_wconf 92' lang='lat' dir='ltr'>quod</span> <span class='ocrx_word' id='word_1_144' title='bbox 857 1064 1133 1110; x_wconf 87' lang='lat' dir='ltr'>appropriatio</span> <span class='ocrx_word' id='word_1_145' title='bbox 1159 1064 1205 1100; x_wconf 79' lang='lat' dir='ltr'>fit</span> <span class='ocrx_word' id='word_1_146' title='bbox 1231 1064 1348 1100; x_wconf 89' lang='lat' dir='ltr'>huius</span> <span class='ocrx_word' id='word_1_147' title='bbox 1375 1064 1536 1100; x_wconf 90' lang='lat' dir='ltr'>animae</span> <span class='ocrx_word' id='word_1_148' title='bbox 1561 1065 1753 1109; x_wconf 88' lang='lat' dir='ltr'>respectu</span> <span class='ocrx_word' id='word_1_149' title='bbox 1779 1065 1896 1101; x_wconf 94' lang='lat' dir='ltr'>huius</span> <span class='ocrx_word' id='word_1_150' title='bbox 1924 1074 2009 1102; x_wconf 86' lang='lat' dir='ltr'>cor-</span> 
     </span>
    </p>

    <p class='ocr_par' dir='ltr' id='par_1_5' title="bbox 60 1124 2062 1398">
     <span class='ocr_line' id='line_1_16' title="bbox 60 1124 2062 1171; baseline -0.003 -5"><span class='ocrx_word' id='word_1_151' title='bbox 60 1133 91 1166; x_wconf 93' lang='lat' dir='ltr'><em>B</em></span> <span class='ocrx_word' id='word_1_152' title='bbox 118 1132 179 1165; x_wconf 78' lang='lat' dir='ltr'>fol.</span> <span class='ocrx_word' id='word_1_153' title='bbox 202 1132 324 1165; x_wconf 82' lang='lat' dir='ltr'>167vb</span> <span class='ocrx_word' id='word_1_154' title='bbox 344 1125 454 1171; x_wconf 91' lang='lat' dir='ltr'>poris</span> <span class='ocrx_word' id='word_1_155' title='bbox 499 1134 572 1170; x_wconf 92' lang='lat' dir='ltr'>per</span> <span class='ocrx_word' id='word_1_156' title='bbox 616 1124 908 1170; x_wconf 87' lang='lat' dir='ltr'>dispositiones</span> <span class='ocrx_word' id='word_1_157' title='bbox 947 1124 1133 1169; x_wconf 89' lang='lat' dir='ltr'>proprias</span> <span class='ocrx_word' id='word_1_158' title='bbox 1172 1124 1356 1169; x_wconf 92' lang='lat' dir='ltr'>corporis</span> <span class='ocrx_word' id='word_1_159' title='bbox 1394 1124 1574 1169; x_wconf 87' lang='lat' dir='ltr'>organici</span> <span class='ocrx_word' id='word_1_160' title='bbox 1592 1126 1604 1167; x_wconf 76' lang='lat' dir='ltr'>[l</span> <span class='ocrx_word' id='word_1_161' title='bbox 1623 1125 1854 1169; x_wconf 91' lang='lat' dir='ltr'>appetentis</span> <span class='ocrx_word' id='word_1_162' title='bbox 1903 1126 2009 1162; x_wconf 89' lang='lat' dir='ltr'>hanc</span> <span class='ocrx_word' id='word_1_163' title='bbox 2030 1134 2062 1160; x_wconf 87' lang='lat'>15</span> 
     </span>
     <span class='ocr_line' id='line_1_17' title="bbox 340 1183 2008 1229; baseline 0.001 -9"><span class='ocrx_word' id='word_1_164' title='bbox 340 1184 517 1221; x_wconf 91' lang='lat' dir='ltr'>animam</span> <span class='ocrx_word' id='word_1_165' title='bbox 543 1185 583 1220; x_wconf 93' lang='lat' dir='ltr'>et</span> <span class='ocrx_word' id='word_1_166' title='bbox 608 1194 691 1220; x_wconf 92' lang='lat' dir='ltr'>non</span> <span class='ocrx_word' id='word_1_167' title='bbox 709 1184 840 1225; x_wconf 88' lang='lat' dir='ltr'>aliam,</span> <span class='ocrx_word' id='word_1_168' title='bbox 867 1193 920 1220; x_wconf 93' lang='lat' dir='ltr'>ne</span> <span class='ocrx_word' id='word_1_169' title='bbox 940 1184 991 1219; x_wconf 93' lang='lat' dir='ltr'>sit</span> <span class='ocrx_word' id='word_1_170' title='bbox 1011 1183 1235 1219; x_wconf 89' lang='lat' dir='ltr'>secundum</span> <span class='ocrx_word' id='word_1_171' title='bbox 1255 1183 1649 1229; x_wconf 79' lang='lat' dir='ltr'>Pythagoricas³</span> <span class='ocrx_word' id='word_1_172' title='bbox 1672 1183 1832 1220; x_wconf 75' lang='lat' dir='ltr'>fabulas</span> <span class='ocrx_word' id='word_1_173' title='bbox 1851 1194 2008 1229; x_wconf 90' lang='lat' dir='ltr'>ponere</span> 
     </span>
     <span class='ocr_line' id='line_1_18' title="bbox 341 1242 2007 1289; baseline 0 -9"><span class='ocrx_word' id='word_1_174' title='bbox 341 1244 561 1289; x_wconf 90' lang='lat' dir='ltr'>quamlibet</span> <span class='ocrx_word' id='word_1_175' title='bbox 586 1244 763 1279; x_wconf 89' lang='lat' dir='ltr'>animam</span> <span class='ocrx_word' id='word_1_176' title='bbox 788 1243 996 1288; x_wconf 91' lang='lat' dir='ltr'>quodlibet</span> <span class='ocrx_word' id='word_1_177' title='bbox 1022 1252 1171 1287; x_wconf 88' lang='lat' dir='ltr'>corpus</span> <span class='ocrx_word' id='word_1_178' title='bbox 1197 1242 1366 1288; x_wconf 85' lang='lat' dir='ltr'>ingredi.</span> <span class='ocrx_word' id='word_1_179' title='bbox 1415 1243 1533 1288; x_wconf 91' lang='lat' dir='ltr'>Ipsae</span> <span class='ocrx_word' id='word_1_180' title='bbox 1560 1244 1697 1279; x_wconf 90' lang='lat' dir='ltr'>tamen</span> <span class='ocrx_word' id='word_1_181' title='bbox 1717 1243 2007 1288; x_wconf 86' lang='lat' dir='ltr'>dispositiones</span> 
     </span>
     <span class='ocr_line' id='line_1_19' title="bbox 341 1301 2007 1348; baseline 0 -9"><span class='ocrx_word' id='word_1_182' title='bbox 341 1312 484 1340; x_wconf 90' lang='lat' dir='ltr'>omnes</span> <span class='ocrx_word' id='word_1_183' title='bbox 499 1304 672 1348; x_wconf 89' lang='lat' dir='ltr'>pereunt</span> <span class='ocrx_word' id='word_1_184' title='bbox 692 1302 827 1339; x_wconf 90' lang='lat' dir='ltr'>anima</span> <span class='ocrx_word' id='word_1_185' title='bbox 847 1302 1008 1347; x_wconf 90' lang='lat' dir='ltr'>corpori</span> <span class='ocrx_word' id='word_1_186' title='bbox 1028 1302 1286 1343; x_wconf 87' lang='lat' dir='ltr'>adveniente,</span> <span class='ocrx_word' id='word_1_187' title='bbox 1301 1302 1357 1338; x_wconf 91' lang='lat' dir='ltr'>ita</span> <span class='ocrx_word' id='word_1_188' title='bbox 1376 1302 1484 1347; x_wconf 91' lang='lat' dir='ltr'>quod</span> <span class='ocrx_word' id='word_1_189' title='bbox 1503 1301 1639 1338; x_wconf 86' lang='lat' dir='ltr'>anima</span> <span class='ocrx_word' id='word_1_190' title='bbox 1658 1302 1792 1338; x_wconf 88' lang='lat' dir='ltr'>unitur</span> <span class='ocrx_word' id='word_1_191' title='bbox 1811 1303 2007 1340; x_wconf 88' lang='lat' dir='ltr'>materiae</span> 
     </span>
     <span class='ocr_line' id='line_1_20' title="bbox 340 1362 583 1398; baseline 0 0"><span class='ocrx_word' id='word_1_192' title='bbox 340 1362 583 1398; x_wconf 89' lang='lat' dir='ltr'>immediate.</span> 
     </span>
    </p>

    <p class='ocr_par' dir='ltr' id='par_1_6' title="bbox 340 1420 2060 1763">
     <span class='ocr_line' id='line_1_21' title="bbox 480 1420 2060 1466; baseline 0.002 -9"><span class='ocrx_word' id='word_1_193' title='bbox 480 1422 534 1457; x_wconf 84' lang='lat'>21.</span> <span class='ocrx_word' id='word_1_194' title='bbox 560 1420 712 1458; x_wconf 87' lang='lat' dir='ltr'>Contra</span> <span class='ocrx_word' id='word_1_195' title='bbox 736 1421 907 1466; x_wconf 85' lang='lat' dir='ltr'>primum</span> <span class='ocrx_word' id='word_1_196' title='bbox 933 1421 1014 1456; x_wconf 85' lang='lat' dir='ltr'>sic:</span> <span class='ocrx_word' id='word_1_197' title='bbox 1042 1420 1160 1461; x_wconf 89' lang='lat' dir='ltr'>Quod</span> <span class='ocrx_word' id='word_1_198' title='bbox 1185 1420 1396 1465; x_wconf 90' lang='lat' dir='ltr'>dispositio</span> <span class='ocrx_word' id='word_1_199' title='bbox 1424 1420 1606 1465; x_wconf 91' lang='lat' dir='ltr'>corporis</span> <span class='ocrx_word' id='word_1_200' title='bbox 1633 1421 1797 1466; x_wconf 86' lang='lat' dir='ltr'>propria</span> <span class='ocrx_word' id='word_1_201' title='bbox 1822 1422 1939 1458; x_wconf 91' lang='lat' dir='ltr'>huius</span> <span class='ocrx_word' id='word_1_202' title='bbox 1967 1424 2007 1459; x_wconf 88' lang='lat' dir='ltr'>et</span> <span class='ocrx_word' id='word_1_203' title='bbox 2026 1435 2060 1460; x_wconf 86' lang='lat'>20</span> 
     </span>
     <span class='ocr_line' id='line_1_22' title="bbox 340 1478 2007 1524; baseline 0.001 -8"><span class='ocrx_word' id='word_1_204' title='bbox 340 1490 424 1516; x_wconf 89' lang='lat' dir='ltr'>non</span> <span class='ocrx_word' id='word_1_205' title='bbox 449 1480 553 1516; x_wconf 91' lang='lat' dir='ltr'>illius</span> <span class='ocrx_word' id='word_1_206' title='bbox 580 1489 662 1516; x_wconf 92' lang='lat' dir='ltr'>non</span> <span class='ocrx_word' id='word_1_207' title='bbox 688 1480 825 1524; x_wconf 89' lang='lat' dir='ltr'>potest</span> <span class='ocrx_word' id='word_1_208' title='bbox 850 1488 945 1515; x_wconf 89' lang='lat' dir='ltr'>esse</span> <span class='ocrx_word' id='word_1_209' title='bbox 972 1479 1051 1515; x_wconf 88' lang='lat' dir='ltr'>nisi</span> <span class='ocrx_word' id='word_1_210' title='bbox 1076 1488 1150 1524; x_wconf 89' lang='lat' dir='ltr'>per</span> <span class='ocrx_word' id='word_1_211' title='bbox 1175 1478 1414 1515; x_wconf 90' lang='lat' dir='ltr'>accidentia.</span> <span class='ocrx_word' id='word_1_212' title='bbox 1463 1479 1506 1515; x_wconf 80' lang='lat' dir='ltr'>In</span> <span class='ocrx_word' id='word_1_213' title='bbox 1538 1481 1872 1517; x_wconf 87' lang='lat' dir='ltr'>substantialibus</span> <span class='ocrx_word' id='word_1_214' title='bbox 1900 1482 2007 1518; x_wconf 90' lang='lat' dir='ltr'>enim</span> 
     </span>
     <span class='ocr_line' id='line_1_23' title="bbox 342 1537 2007 1584; baseline 0.001 -9"><span class='ocrx_word' id='word_1_215' title='bbox 342 1540 382 1576; x_wconf 91' lang='lat' dir='ltr'>et</span> <span class='ocrx_word' id='word_1_216' title='bbox 408 1539 724 1576; x_wconf 85' lang='lat' dir='ltr'>elementaribus</span> <span class='ocrx_word' id='word_1_217' title='bbox 752 1538 988 1575; x_wconf 76' lang='lat' dir='ltr'>differentiis</span> <span class='ocrx_word' id='word_1_218' title='bbox 1015 1548 1097 1574; x_wconf 93' lang='lat' dir='ltr'>non</span> <span class='ocrx_word' id='word_1_219' title='bbox 1124 1537 1316 1574; x_wconf 75' lang='lat' dir='ltr'>differunt</span> <span class='ocrx_word' id='word_1_220' title='bbox 1350 1547 1524 1583; x_wconf 89' lang='lat' dir='ltr'>corpora</span> <span class='ocrx_word' id='word_1_221' title='bbox 1557 1539 1676 1575; x_wconf 89' lang='lat' dir='ltr'>huius</span> <span class='ocrx_word' id='word_1_222' title='bbox 1712 1540 1876 1584; x_wconf 90' lang='lat' dir='ltr'>speciei.</span> <span class='ocrx_word' id='word_1_223' title='bbox 1927 1540 2007 1577; x_wconf 92' lang='lat' dir='ltr'>Sed</span> 
     </span>
     <span class='ocr_line' id='line_1_24' title="bbox 341 1597 2007 1644; baseline 0.001 -10"><span class='ocrx_word' id='word_1_224' title='bbox 341 1608 415 1644; x_wconf 89' lang='lat' dir='ltr'>per</span> <span class='ocrx_word' id='word_1_225' title='bbox 440 1598 669 1635; x_wconf 87' lang='lat' dir='ltr'>accidentia</span> <span class='ocrx_word' id='word_1_226' title='bbox 694 1608 777 1634; x_wconf 92' lang='lat' dir='ltr'>non</span> <span class='ocrx_word' id='word_1_227' title='bbox 804 1599 941 1643; x_wconf 89' lang='lat' dir='ltr'>potest</span> <span class='ocrx_word' id='word_1_228' title='bbox 979 1607 1075 1634; x_wconf 92' lang='lat' dir='ltr'>esse</span> <span class='ocrx_word' id='word_1_229' title='bbox 1114 1597 1392 1634; x_wconf 89' lang='lat' dir='ltr'>substantialis</span> <span class='ocrx_word' id='word_1_230' title='bbox 1431 1598 1707 1643; x_wconf 86' lang='lat' dir='ltr'>appropriatio</span> <span class='ocrx_word' id='word_1_231' title='bbox 1744 1598 1901 1636; x_wconf 76' lang='lat' dir='ltr'>formae</span> <span class='ocrx_word' id='word_1_232' title='bbox 1938 1599 2007 1636; x_wconf 89' lang='lat' dir='ltr'>im-</span> 
     </span>
     <span class='ocr_line' id='line_1_25' title="bbox 341 1648 2007 1705; baseline 0.001 -11"><span class='ocrx_word' id='word_1_233' title='bbox 341 1658 562 1694; x_wconf 88' lang='lat' dir='ltr'>materialis</span> <span class='ocrx_word' id='word_1_234' title='bbox 591 1659 630 1694; x_wconf 91' lang='lat' dir='ltr'>et</span> <span class='ocrx_word' id='word_1_235' title='bbox 655 1667 681 1694; x_wconf 90' lang='lat' dir='ltr'>a</span> <span class='ocrx_word' id='word_1_236' title='bbox 705 1657 877 1694; x_wconf 90' lang='lat' dir='ltr'>materia</span> <span class='ocrx_word' id='word_1_237' title='bbox 901 1657 1115 1693; x_wconf 89' lang='lat' dir='ltr'>absolutae</span> <span class='ocrx_word' id='word_1_238' title='bbox 1126 1659 1150 1692; x_wconf 73' lang='grc'>4.</span> <span class='ocrx_word' id='word_1_239' title='bbox 1188 1656 1293 1703; x_wconf 81' lang='lat' dir='ltr'>Ergo</span> <span class='ocrx_word' id='word_1_240' title='bbox 1321 1666 1395 1702; x_wconf 89' lang='lat' dir='ltr'>per</span> <span class='ocrx_word' id='word_1_241' title='bbox 1419 1657 1515 1694; x_wconf 89' lang='lat' dir='ltr'>talia</span> <span class='ocrx_word' id='word_1_242' title='bbox 1535 1667 1755 1703; x_wconf 89' lang='lat' dir='ltr'>numquam</span> <span class='ocrx_word' id='word_1_243' title='bbox 1773 1658 1845 1695; x_wconf 81' lang='lat' dir='ltr'>fiet</span> <span class='ocrx_word' id='word_1_244' title='bbox 1864 1648 2007 1705; x_wconf 85' lang='lat' dir='ltr'>appro-</span> 
     </span>
     <span class='ocr_line' id='line_1_26' title="bbox 342 1717 2059 1763; baseline 0.002 -10"><span class='ocrx_word' id='word_1_245' title='bbox 342 1717 486 1763; x_wconf 88' lang='lat' dir='ltr'>priatio</span> <span class='ocrx_word' id='word_1_246' title='bbox 514 1717 726 1762; x_wconf 89' lang='lat' dir='ltr'>completa.</span> <span class='ocrx_word' id='word_1_247' title='bbox 2025 1732 2059 1757; x_wconf 78' lang='lat'>25</span> 
     </span>
    </p>

    <p class='ocr_par' dir='ltr' id='par_1_7' title="bbox 342 1776 2058 2119">
     <span class='ocr_line' id='line_1_27' title="bbox 481 1776 2007 1822; baseline 0.002 -10"><span class='ocrx_word' id='word_1_248' title='bbox 481 1777 534 1812; x_wconf 86' lang='lat'>22.</span> <span class='ocrx_word' id='word_1_249' title='bbox 562 1777 660 1812; x_wconf 90' lang='lat' dir='ltr'>Item</span> <span class='ocrx_word' id='word_1_250' title='bbox 687 1777 721 1812; x_wconf 92' lang='lat' dir='ltr'>si</span> <span class='ocrx_word' id='word_1_251' title='bbox 748 1785 890 1812; x_wconf 92' lang='lat' dir='ltr'>omnes</span> <span class='ocrx_word' id='word_1_252' title='bbox 917 1776 1208 1821; x_wconf 91' lang='lat' dir='ltr'>dispositiones</span> <span class='ocrx_word' id='word_1_253' title='bbox 1237 1777 1277 1812; x_wconf 92' lang='lat' dir='ltr'>et</span> <span class='ocrx_word' id='word_1_254' title='bbox 1301 1776 1457 1812; x_wconf 81' lang='lat' dir='ltr'>formae</span> <span class='ocrx_word' id='word_1_255' title='bbox 1483 1777 1641 1822; x_wconf 89' lang='lat' dir='ltr'>priores</span> <span class='ocrx_word' id='word_1_256' title='bbox 1673 1779 1847 1822; x_wconf 88' lang='lat' dir='ltr'>pereunt</span> <span class='ocrx_word' id='word_1_257' title='bbox 1872 1778 2007 1815; x_wconf 88' lang='lat' dir='ltr'>anima</span> 
     </span>
     <span class='ocr_line' id='line_1_28' title="bbox 342 1835 2007 1881; baseline 0.001 -10"><span class='ocrx_word' id='word_1_258' title='bbox 342 1836 589 1872; x_wconf 84' lang='lat' dir='ltr'>adveniente</span> <span class='ocrx_word' id='word_1_259' title='bbox 614 1836 836 1878; x_wconf 74' lang='lat' dir='ltr'>rati0na115‚</span> <span class='ocrx_word' id='word_1_260' title='bbox 864 1845 962 1881; x_wconf 87' lang='lat' dir='ltr'>ergo</span> <span class='ocrx_word' id='word_1_261' title='bbox 990 1845 1081 1871; x_wconf 90' lang='lat' dir='ltr'>cum</span> <span class='ocrx_word' id='word_1_262' title='bbox 1107 1835 1299 1880; x_wconf 89' lang='lat' dir='ltr'>quidquid</span> <span class='ocrx_word' id='word_1_263' title='bbox 1326 1835 1378 1871; x_wconf 89' lang='lat' dir='ltr'>sit</span> <span class='ocrx_word' id='word_1_264' title='bbox 1413 1835 1454 1872; x_wconf 93' lang='lat' dir='ltr'>in</span> <span class='ocrx_word' id='word_1_265' title='bbox 1493 1845 1665 1881; x_wconf 91' lang='lat' dir='ltr'>corpore</span> <span class='ocrx_word' id='word_1_266' title='bbox 1703 1837 1880 1873; x_wconf 90' lang='lat' dir='ltr'>humano</span> <span class='ocrx_word' id='word_1_267' title='bbox 1907 1837 2007 1874; x_wconf 90' lang='lat' dir='ltr'>citra</span> 
     </span>
     <span class='ocr_line' id='line_1_29' title="bbox 342 1894 2005 1940; baseline 0.001 -9"><span class='ocrx_word' id='word_1_268' title='bbox 342 1895 550 1931; x_wconf 87' lang='lat' dir='ltr'>materiam</span> <span class='ocrx_word' id='word_1_269' title='bbox 578 1895 748 1940; x_wconf 89' lang='lat' dir='ltr'>primam</span> <span class='ocrx_word' id='word_1_270' title='bbox 775 1894 826 1930; x_wconf 89' lang='lat' dir='ltr'>sit</span> <span class='ocrx_word' id='word_1_271' title='bbox 850 1894 980 1931; x_wconf 79' lang='lat' dir='ltr'>forma</span> <span class='ocrx_word' id='word_1_272' title='bbox 1005 1895 1046 1930; x_wconf 92' lang='lat' dir='ltr'>in</span> <span class='ocrx_word' id='word_1_273' title='bbox 1078 1894 1253 1936; x_wconf 91' lang='lat' dir='ltr'>homine,</span> <span class='ocrx_word' id='word_1_274' title='bbox 1280 1894 1527 1931; x_wconf 90' lang='lat' dir='ltr'>adveniente</span> <span class='ocrx_word' id='word_1_275' title='bbox 1547 1895 1683 1931; x_wconf 91' lang='lat' dir='ltr'>anima</span> <span class='ocrx_word' id='word_1_276' title='bbox 1701 1896 1889 1932; x_wconf 89' lang='lat' dir='ltr'>rationali</span> <span class='ocrx_word' id='word_1_277' title='bbox 1909 1897 2005 1933; x_wconf 91' lang='lat' dir='ltr'>nihil</span> 
     </span>
     <span class='ocr_line' id='line_1_30' title="bbox 344 1950 2006 2000; baseline 0.001 -10"><span class='ocrx_word' id='word_1_278' title='bbox 344 1955 407 1990; x_wconf 89' lang='lat' dir='ltr'>est</span> <span class='ocrx_word' id='word_1_279' title='bbox 432 1964 457 1990; x_wconf 92' lang='lat' dir='ltr'>a</span> <span class='ocrx_word' id='word_1_280' title='bbox 481 1955 597 1999; x_wconf 90' lang='lat' dir='ltr'>parte</span> <span class='ocrx_word' id='word_1_281' title='bbox 624 1954 807 1999; x_wconf 90' lang='lat' dir='ltr'>corporis</span> <span class='ocrx_word' id='word_1_282' title='bbox 833 1954 911 1990; x_wconf 90' lang='lat' dir='ltr'>nisi</span> <span class='ocrx_word' id='word_1_283' title='bbox 937 1954 1107 1990; x_wconf 86' lang='lat' dir='ltr'>materia</span> <span class='ocrx_word' id='word_1_284' title='bbox 1131 1954 1270 1998; x_wconf 89' lang='lat' dir='ltr'>prima.</span> <span class='ocrx_word' id='word_1_285' title='bbox 1319 1953 1424 2000; x_wconf 85' lang='lat' dir='ltr'>Ergo</span> <span class='ocrx_word' id='word_1_286' title='bbox 1449 1953 1506 1990; x_wconf 87' lang='lat' dir='ltr'>ita</span> <span class='ocrx_word' id='word_1_287' title='bbox 1530 1955 1651 1990; x_wconf 91' lang='lat' dir='ltr'>homo</span> <span class='ocrx_word' id='word_1_288' title='bbox 1679 1956 1742 1990; x_wconf 88' lang='lat' dir='ltr'>est</span> <span class='ocrx_word' id='word_1_289' title='bbox 1768 1950 1862 2000; x_wconf 84' lang='lat' dir='ltr'>quid</span> <span class='ocrx_word' id='word_1_290' title='bbox 1901 1965 2006 1992; x_wconf 89' lang='lat' dir='ltr'>com—</span> 
     </span>
     <span class='ocr_line' id='line_1_31' title="bbox 342 2012 2058 2058; baseline 0.002 -9"><span class='ocrx_word' id='word_1_291' title='bbox 342 2013 520 2058; x_wconf 88' lang='lat' dir='ltr'>positum</span> <span class='ocrx_word' id='word_1_292' title='bbox 546 2022 598 2049; x_wconf 88' lang='lat' dir='ltr'>ex</span> <span class='ocrx_word' id='word_1_293' title='bbox 622 2013 758 2049; x_wconf 89' lang='lat' dir='ltr'>anima</span> <span class='ocrx_word' id='word_1_294' title='bbox 782 2013 969 2049; x_wconf 90' lang='lat' dir='ltr'>rationali</span> <span class='ocrx_word' id='word_1_295' title='bbox 996 2014 1036 2048; x_wconf 91' lang='lat' dir='ltr'>et</span> <span class='ocrx_word' id='word_1_296' title='bbox 1062 2012 1231 2049; x_wconf 88' lang='lat' dir='ltr'>materia</span> <span class='ocrx_word' id='word_1_297' title='bbox 1256 2013 1385 2058; x_wconf 91' lang='lat' dir='ltr'>prima</span> <span class='ocrx_word' id='word_1_298' title='bbox 1421 2014 1587 2049; x_wconf 90' lang='lat' dir='ltr'>tantum.</span> <span class='ocrx_word' id='word_1_299' title='bbox 1639 2012 1755 2054; x_wconf 89' lang='lat' dir='ltr'>Quod</span> <span class='ocrx_word' id='word_1_300' title='bbox 1790 2023 1885 2051; x_wconf 89' lang='lat' dir='ltr'>esse</span> <span class='ocrx_word' id='word_1_301' title='bbox 1922 2024 2004 2051; x_wconf 90' lang='lat' dir='ltr'>non</span> <span class='ocrx_word' id='word_1_302' title='bbox 2025 2028 2058 2053; x_wconf 86' lang='lat'>30</span> 
     </span>
     <span class='ocr_line' id='line_1_32' title="bbox 343 2072 2004 2119; baseline 0.001 -11"><span class='ocrx_word' id='word_1_303' title='bbox 343 2073 490 2117; x_wconf 91' lang='lat' dir='ltr'>potest,</span> <span class='ocrx_word' id='word_1_304' title='bbox 517 2072 611 2117; x_wconf 89' lang='lat' dir='ltr'>quia</span> <span class='ocrx_word' id='word_1_305' title='bbox 636 2073 695 2109; x_wconf 92' lang='lat' dir='ltr'>sic</span> <span class='ocrx_word' id='word_1_306' title='bbox 719 2073 941 2109; x_wconf 79' lang='lat' dir='ltr'>recedente</span> <span class='ocrx_word' id='word_1_307' title='bbox 965 2072 1124 2115; x_wconf 86' lang='lat' dir='ltr'>&lt;anima</span> <span class='ocrx_word' id='word_1_308' title='bbox 1140 2072 1350 2114; x_wconf 89' lang='lat' dir='ltr'>rationali&gt;</span> <span class='ocrx_word' id='word_1_309' title='bbox 1366 2072 1454 2108; x_wconf 89' lang='lat' dir='ltr'>sola</span> <span class='ocrx_word' id='word_1_310' title='bbox 1474 2073 1658 2109; x_wconf 90' lang='lat' dir='ltr'>maneret</span> <span class='ocrx_word' id='word_1_311' title='bbox 1678 2073 1847 2109; x_wconf 89' lang='lat' dir='ltr'>materia</span> <span class='ocrx_word' id='word_1_312' title='bbox 1866 2073 2004 2119; x_wconf 90' lang='lat' dir='ltr'>prima.</span> 
     </span>
    </p>

    <p class='ocr_par' dir='ltr' id='par_1_8' title="bbox 343 2131 1380 2177">
     <span class='ocr_line' id='line_1_33' title="bbox 343 2131 1380 2177; baseline 0 -10"><span class='ocrx_word' id='word_1_313' title='bbox 343 2131 465 2167; x_wconf 87' lang='lat' dir='ltr'>Cuius</span> <span class='ocrx_word' id='word_1_314' title='bbox 493 2131 738 2168; x_wconf 87' lang='lat' dir='ltr'>contrarium</span> <span class='ocrx_word' id='word_1_315' title='bbox 764 2132 876 2177; x_wconf 89' lang='lat' dir='ltr'>patet</span> <span class='ocrx_word' id='word_1_316' title='bbox 901 2132 953 2168; x_wconf 90' lang='lat' dir='ltr'>ad</span> <span class='ocrx_word' id='word_1_317' title='bbox 980 2141 1147 2168; x_wconf 91' lang='lat' dir='ltr'>sensum</span> <span class='ocrx_word' id='word_1_318' title='bbox 1173 2131 1213 2167; x_wconf 92' lang='lat' dir='ltr'>in</span> <span class='ocrx_word' id='word_1_319' title='bbox 1239 2132 1380 2167; x_wconf 90' lang='lat' dir='ltr'>morte.</span> 
     </span>
    </p>
   </div>
   <div class='ocr_carea' id='block_1_3' title="bbox 343 2224 2006 2584">
    <p class='ocr_par' dir='ltr' id='par_1_9' title="bbox 343 2224 2006 2584">
     <span class='ocr_line' id='line_1_34' title="bbox 482 2224 2004 2265; baseline 0.001 -8"><span class='ocrx_word' id='word_1_320' title='bbox 482 2225 500 2258; x_wconf 90' lang='lat'>2</span> <span class='ocrx_word' id='word_1_321' title='bbox 521 2225 749 2264; x_wconf 88' lang='lat' dir='ltr'>universalis]</span> <span class='ocrx_word' id='word_1_322' title='bbox 769 2226 800 2258; x_wconf 93' lang='lat' dir='ltr'><em>B</em></span> <span class='ocrx_word' id='word_1_323' title='bbox 815 2226 875 2258; x_wconf 91' lang='lat' dir='ltr'>uni</span> <span class='ocrx_word' id='word_1_324' title='bbox 947 2226 965 2257; x_wconf 99' lang='lat'>4</span> <span class='ocrx_word' id='word_1_325' title='bbox 992 2225 1201 2264; x_wconf 89' lang='lat' dir='ltr'>communis]</span> <span class='ocrx_word' id='word_1_326' title='bbox 1217 2224 1480 2258; x_wconf 79' lang='lat' dir='ltr'>Bconveniens</span> <span class='ocrx_word' id='word_1_327' title='bbox 1555 2226 1573 2257; x_wconf 83' lang='lat'>5</span> <span class='ocrx_word' id='word_1_328' title='bbox 1596 2225 1863 2265; x_wconf 89' lang='lat' dir='ltr'>determinatur]</span> <span class='ocrx_word' id='word_1_329' title='bbox 1889 2225 1919 2258; x_wconf 89' lang='lat' dir='ltr'><strong><em>A</em></strong></span> <span class='ocrx_word' id='word_1_330' title='bbox 1946 2227 2004 2259; x_wconf 90' lang='lat' dir='ltr'>de-</span> 
     </span>
     <span class='ocr_line' id='line_1_35' title="bbox 343 2277 2006 2322; baseline 0 -11"><span class='ocrx_word' id='word_1_331' title='bbox 343 2279 569 2312; x_wconf 87' lang='lat' dir='ltr'>terminatum</span> <span class='ocrx_word' id='word_1_332' title='bbox 652 2279 692 2311; x_wconf 87' lang='lat'>13</span> <span class='ocrx_word' id='word_1_333' title='bbox 719 2278 905 2318; x_wconf 88' lang='lat' dir='ltr'>reducere]</span> <span class='ocrx_word' id='word_1_334' title='bbox 931 2279 959 2311; x_wconf 86' lang='lat' dir='ltr'><strong><em>A</em></strong></span> <span class='ocrx_word' id='word_1_335' title='bbox 986 2279 1148 2311; x_wconf 90' lang='lat' dir='ltr'>reductio</span> <span class='ocrx_word' id='word_1_336' title='bbox 1229 2279 1269 2310; x_wconf 87' lang='lat'>14</span> <span class='ocrx_word' id='word_1_337' title='bbox 1297 2277 1499 2317; x_wconf 87' lang='lat' dir='ltr'>Dicebatur]</span> <span class='ocrx_word' id='word_1_338' title='bbox 1527 2278 1557 2311; x_wconf 92' lang='lat' dir='ltr'><strong><em>A</em></strong></span> <span class='ocrx_word' id='word_1_339' title='bbox 1584 2279 1726 2322; x_wconf 83' lang='lat' dir='ltr'>dicebat</span> <span class='ocrx_word' id='word_1_340' title='bbox 1785 2277 1837 2318; x_wconf 80' lang='lat' dir='ltr'>fit]</span> <span class='ocrx_word' id='word_1_341' title='bbox 1864 2279 1894 2311; x_wconf 99' lang='grc' dir='ltr'><em>Β</em></span> <span class='ocrx_word' id='word_1_342' title='bbox 1911 2278 1946 2317; x_wconf 86' lang='grc' dir='ltr'>-Ι-</span> <span class='ocrx_word' id='word_1_343' title='bbox 1965 2279 2006 2311; x_wconf 82' lang='lat' dir='ltr'>fit</span> 
     </span>
     <span class='ocr_line' id='line_1_36' title="bbox 346 2330 2005 2371; baseline 0 -7"><span class='ocrx_word' id='word_1_344' title='bbox 346 2333 387 2365; x_wconf 85' lang='lat'>15</span> <span class='ocrx_word' id='word_1_345' title='bbox 413 2331 518 2371; x_wconf 84' lang='lat' dir='ltr'>hanc]</span> <span class='ocrx_word' id='word_1_346' title='bbox 544 2332 574 2364; x_wconf 91' lang='grc' dir='ltr'><em>Β</em></span> <span class='ocrx_word' id='word_1_347' title='bbox 600 2340 670 2364; x_wconf 84' lang='lat' dir='ltr'>om.</span> <span class='ocrx_word' id='word_1_348' title='bbox 752 2332 793 2365; x_wconf 83' lang='lat'>16</span> <span class='ocrx_word' id='word_1_349' title='bbox 818 2341 864 2364; x_wconf 91' lang='lat' dir='ltr'>ne</span> <span class='ocrx_word' id='word_1_350' title='bbox 891 2332 948 2371; x_wconf 87' lang='lat' dir='ltr'>sit]</span> <span class='ocrx_word' id='word_1_351' title='bbox 974 2332 1005 2364; x_wconf 92' lang='lat' dir='ltr'><em>B</em></span> <span class='ocrx_word' id='word_1_352' title='bbox 1030 2332 1146 2364; x_wconf 88' lang='lat' dir='ltr'>vescit</span> <span class='ocrx_word' id='word_1_353' title='bbox 1228 2332 1269 2364; x_wconf 89' lang='lat'>18</span> <span class='ocrx_word' id='word_1_354' title='bbox 1295 2330 1426 2370; x_wconf 87' lang='lat' dir='ltr'>unitur]</span> <span class='ocrx_word' id='word_1_355' title='bbox 1451 2332 1483 2364; x_wconf 91' lang='grc' dir='ltr'><em>Β</em></span> <span class='ocrx_word' id='word_1_356' title='bbox 1508 2332 1657 2364; x_wconf 88' lang='lat' dir='ltr'>sumitur</span> <span class='ocrx_word' id='word_1_357' title='bbox 1751 2332 1793 2365; x_wconf 84' lang='lat'>20</span> <span class='ocrx_word' id='word_1_358' title='bbox 1820 2332 1885 2371; x_wconf 90' lang='lat' dir='ltr'>sic]</span> <span class='ocrx_word' id='word_1_359' title='bbox 1908 2331 1940 2364; x_wconf 89' lang='grc' dir='ltr'><em>Β</em></span> <span class='ocrx_word' id='word_1_360' title='bbox 1965 2333 2005 2364; x_wconf 82' lang='lat' dir='ltr'>fit</span> 
     </span>
     <span class='ocr_line' id='line_1_37' title="bbox 345 2384 2003 2425; baseline 0 -7"><span class='ocrx_word' id='word_1_361' title='bbox 345 2384 459 2424; x_wconf 91' lang='lat' dir='ltr'>Quod]</span> <span class='ocrx_word' id='word_1_362' title='bbox 487 2385 516 2417; x_wconf 90' lang='lat' dir='ltr'><strong><em>B</em></strong></span> <span class='ocrx_word' id='word_1_363' title='bbox 542 2385 627 2425; x_wconf 85' lang='lat' dir='ltr'>quia</span> <span class='ocrx_word' id='word_1_364' title='bbox 704 2386 838 2418; x_wconf 87' lang='lat'>23—24</span> <span class='ocrx_word' id='word_1_365' title='bbox 865 2384 1123 2423; x_wconf 86' lang='lat' dir='ltr'>immaterialis]</span> <span class='ocrx_word' id='word_1_366' title='bbox 1149 2384 1181 2416; x_wconf 89' lang='grc' dir='ltr'><em>Β</em></span> <span class='ocrx_word' id='word_1_367' title='bbox 1204 2385 1240 2417; x_wconf 89' lang='grc'>111</span> <span class='ocrx_word' id='word_1_368' title='bbox 1266 2385 1511 2417; x_wconf 88' lang='lat' dir='ltr'>materialibus</span> <span class='ocrx_word' id='word_1_369' title='bbox 1590 2385 1633 2417; x_wconf 84' lang='lat'>25</span> <span class='ocrx_word' id='word_1_370' title='bbox 1659 2384 1851 2425; x_wconf 87' lang='lat' dir='ltr'>completa]</span> <span class='ocrx_word' id='word_1_371' title='bbox 1877 2385 1906 2418; x_wconf 89' lang='lat' dir='ltr'><strong><em>A</em></strong></span> <span class='ocrx_word' id='word_1_372' title='bbox 1933 2394 2003 2418; x_wconf 88' lang='lat' dir='ltr'>om.</span> 
     </span>
     <span class='ocr_line' id='line_1_38' title="bbox 345 2437 2005 2479; baseline 0.001 -9"><span class='ocrx_word' id='word_1_373' title='bbox 345 2439 387 2471; x_wconf 86' lang='lat'>27</span> <span class='ocrx_word' id='word_1_374' title='bbox 413 2437 505 2477; x_wconf 93' lang='lat' dir='ltr'>cum]</span> <span class='ocrx_word' id='word_1_375' title='bbox 531 2438 561 2470; x_wconf 90' lang='lat' dir='ltr'><em>B</em></span> <span class='ocrx_word' id='word_1_376' title='bbox 587 2447 658 2471; x_wconf 84' lang='lat' dir='ltr'>om.</span> <span class='ocrx_word' id='word_1_377' title='bbox 749 2439 792 2471; x_wconf 85' lang='lat'>28</span> <span class='ocrx_word' id='word_1_378' title='bbox 818 2437 917 2477; x_wconf 91' lang='lat' dir='ltr'>nihil]</span> <span class='ocrx_word' id='word_1_379' title='bbox 942 2438 971 2470; x_wconf 88' lang='lat' dir='ltr'><strong><em>A</em></strong></span> <span class='ocrx_word' id='word_1_380' title='bbox 998 2438 1057 2471; x_wconf 92' lang='lat' dir='ltr'>vel</span> <span class='ocrx_word' id='word_1_381' title='bbox 1147 2438 1189 2471; x_wconf 84' lang='lat'>29</span> <span class='ocrx_word' id='word_1_382' title='bbox 1216 2437 1277 2477; x_wconf 82' lang='lat' dir='ltr'>ita]</span> <span class='ocrx_word' id='word_1_383' title='bbox 1303 2438 1334 2470; x_wconf 93' lang='lat' dir='ltr'><em>B</em></span> <span class='ocrx_word' id='word_1_384' title='bbox 1359 2438 1395 2470; x_wconf 92' lang='lat' dir='ltr'>in</span> <span class='ocrx_word' id='word_1_385' title='bbox 1490 2438 1624 2470; x_wconf 89' lang='lat'>30—31</span> <span class='ocrx_word' id='word_1_386' title='bbox 1653 2439 1689 2470; x_wconf 92' lang='lat' dir='ltr'>et</span> <span class='ocrx_word' id='word_1_387' title='bbox 1714 2439 1865 2471; x_wconf 86' lang='lat' dir='ltr'>materia</span> <span class='ocrx_word' id='word_1_388' title='bbox 1890 2439 2005 2479; x_wconf 90' lang='lat' dir='ltr'>prima</span> 
     </span>
     <span class='ocr_line' id='line_1_39' title="bbox 344 2490 2005 2532; baseline 0 -8"><span class='ocrx_word' id='word_1_389' title='bbox 344 2492 490 2524; x_wconf 88' lang='lat' dir='ltr'>tantum.</span> <span class='ocrx_word' id='word_1_390' title='bbox 541 2491 643 2528; x_wconf 90' lang='lat' dir='ltr'>Quod</span> <span class='ocrx_word' id='word_1_391' title='bbox 669 2500 752 2524; x_wconf 88' lang='lat' dir='ltr'>esse</span> <span class='ocrx_word' id='word_1_392' title='bbox 778 2500 848 2524; x_wconf 93' lang='lat' dir='ltr'>non</span> <span class='ocrx_word' id='word_1_393' title='bbox 872 2493 1002 2532; x_wconf 89' lang='lat' dir='ltr'>potest,</span> <span class='ocrx_word' id='word_1_394' title='bbox 1030 2492 1115 2532; x_wconf 85' lang='lat' dir='ltr'>quia</span> <span class='ocrx_word' id='word_1_395' title='bbox 1134 2492 1185 2524; x_wconf 89' lang='lat' dir='ltr'>sic</span> <span class='ocrx_word' id='word_1_396' title='bbox 1205 2490 1412 2530; x_wconf 86' lang='lat' dir='ltr'>recedente]</span> <span class='ocrx_word' id='word_1_397' title='bbox 1435 2491 1466 2523; x_wconf 90' lang='grc' dir='ltr'><em>Β</em></span> <span class='ocrx_word' id='word_1_398' title='bbox 1491 2500 1561 2524; x_wconf 85' lang='lat' dir='ltr'>om.</span> <span class='ocrx_word' id='word_1_399' title='bbox 1657 2492 1700 2524; x_wconf 83' lang='lat'>32</span> <span class='ocrx_word' id='word_1_400' title='bbox 1728 2492 1772 2524; x_wconf 86' lang='lat' dir='ltr'>ad</span> <span class='ocrx_word' id='word_1_401' title='bbox 1798 2500 1944 2524; x_wconf 81' lang='lat' dir='ltr'>sensum</span> <span class='ocrx_word' id='word_1_402' title='bbox 1969 2492 2005 2525; x_wconf 93' lang='lat' dir='ltr'>in</span> 
     </span>
     <span class='ocr_line' id='line_1_40' title="bbox 345 2544 626 2584; baseline -0.004 -6"><span class='ocrx_word' id='word_1_403' title='bbox 345 2544 472 2584; x_wconf 90' lang='lat' dir='ltr'>morte]</span> <span class='ocrx_word' id='word_1_404' title='bbox 499 2544 530 2576; x_wconf 86' lang='lat' dir='ltr'><em>B</em></span> <span class='ocrx_word' id='word_1_405' title='bbox 555 2554 626 2577; x_wconf 85' lang='lat' dir='ltr'>om.</span> 
     </span>
    </p>
   </div>
   <div class='ocr_carea' id='block_1_4' title="bbox 345 2605 441 2608">
    <p class='ocr_par' dir='ltr' id='par_1_10' title="bbox 345 2605 441 2608">
     <span class='ocr_line' id='line_1_41' title="bbox 345 2605 441 2608; baseline 0 0"><span class='ocrx_word' id='word_1_406' title='bbox 345 2605 441 2608; x_wconf 95' lang='lat' dir='ltr'> </span> 
     </span>
    </p>
   </div>
   <div class='ocr_carea' id='block_1_5' title="bbox 345 2631 2003 3153">
    <p class='ocr_par' dir='ltr' id='par_1_11' title="bbox 345 2631 2002 2728">
     <span class='ocr_line' id='line_1_42' title="bbox 485 2631 2002 2675; baseline -0.001 -7"><span class='ocrx_word' id='word_1_407' title='bbox 485 2634 497 2657; x_wconf 86' lang='lat'>1</span> <span class='ocrx_word' id='word_1_408' title='bbox 522 2636 574 2668; x_wconf 82' lang='lat' dir='ltr'>De</span> <span class='ocrx_word' id='word_1_409' title='bbox 600 2635 710 2668; x_wconf 80' lang='lat' dir='ltr'>Caelo</span> <span class='ocrx_word' id='word_1_410' title='bbox 736 2635 759 2674; x_wconf 98' lang='grc' dir='ltr'>Ι,</span> <span class='ocrx_word' id='word_1_411' title='bbox 786 2636 805 2667; x_wconf 81' lang='grc'><strong>9</strong></span> <span class='ocrx_word' id='word_1_412' title='bbox 832 2633 933 2674; x_wconf 85' lang='lat' dir='ltr'>(text.</span> <span class='ocrx_word' id='word_1_413' title='bbox 961 2634 1035 2672; x_wconf 77' lang='lat'>94);</span> <span class='ocrx_word' id='word_1_414' title='bbox 1074 2635 1135 2666; x_wconf 84' lang='lat' dir='ltr'>cfr.</span> <span class='ocrx_word' id='word_1_415' title='bbox 1172 2635 1223 2667; x_wconf 85' lang='lat' dir='ltr'>De</span> <span class='ocrx_word' id='word_1_416' title='bbox 1248 2634 1388 2667; x_wconf 74' lang='lat' dir='ltr'>Anima</span> <span class='ocrx_word' id='word_1_417' title='bbox 1422 2634 1474 2673; x_wconf 90' lang='lat'>111,</span> <span class='ocrx_word' id='word_1_418' title='bbox 1497 2634 1515 2666; x_wconf 89' lang='grc'>4</span> <span class='ocrx_word' id='word_1_419' title='bbox 1545 2631 1592 2675; x_wconf 89' lang='grc'>(1,</span> <span class='ocrx_word' id='word_1_420' title='bbox 1613 2635 1700 2666; x_wconf 87' lang='lat' dir='ltr'>text.</span> <span class='ocrx_word' id='word_1_421' title='bbox 1721 2632 1755 2674; x_wconf 86' lang='lat'>5)</span> <span class='ocrx_word' id='word_1_422' title='bbox 1785 2633 1858 2673; x_wconf 81' lang='lat' dir='ltr'>(fol.</span> <span class='ocrx_word' id='word_1_423' title='bbox 1881 2634 1944 2667; x_wconf 85' lang='lat'>147</span> <span class='ocrx_word' id='word_1_424' title='bbox 1957 2633 2002 2674; x_wconf 80' lang='grc' dir='ltr'>ν);</span> 
     </span>
     <span class='ocr_line' id='line_1_43' title="bbox 345 2687 1182 2728; baseline -0.002 -7"><span class='ocrx_word' id='word_1_425' title='bbox 345 2689 544 2728; x_wconf 86' lang='lat' dir='ltr'>Thomas,</span> <span class='ocrx_word' id='word_1_426' title='bbox 571 2688 691 2721; x_wconf 83' lang='lat' dir='ltr'>S.c.G.</span> <span class='ocrx_word' id='word_1_427' title='bbox 718 2689 755 2727; x_wconf 88' lang='grc' dir='ltr'>ΙΙ,</span> <span class='ocrx_word' id='word_1_428' title='bbox 777 2689 837 2726; x_wconf 86' lang='grc'>93;</span> <span class='ocrx_word' id='word_1_429' title='bbox 864 2688 915 2720; x_wconf 79' lang='lat' dir='ltr'>De</span> <span class='ocrx_word' id='word_1_430' title='bbox 946 2687 1018 2720; x_wconf 80' lang='lat' dir='ltr'>Ver.</span> <span class='ocrx_word' id='word_1_431' title='bbox 1046 2687 1131 2726; x_wconf 90' lang='lat' dir='ltr'>VIII,</span> <span class='ocrx_word' id='word_1_432' title='bbox 1153 2688 1182 2720; x_wconf 87' lang='lat'>7.</span> 
     </span>
    </p>

    <p class='ocr_par' dir='ltr' id='par_1_12' title="bbox 346 2740 2003 3153">
     <span class='ocr_line' id='line_1_44' title="bbox 483 2740 2003 2782; baseline -0.001 -8"><span class='ocrx_word' id='word_1_433' title='bbox 483 2740 498 2763; x_wconf 87' lang='lat'>2</span> <span class='ocrx_word' id='word_1_434' title='bbox 523 2741 664 2781; x_wconf 66' lang='lat' dir='ltr'>Arist„</span> <span class='ocrx_word' id='word_1_435' title='bbox 691 2741 743 2774; x_wconf 87' lang='lat' dir='ltr'>De</span> <span class='ocrx_word' id='word_1_436' title='bbox 766 2740 905 2773; x_wconf 79' lang='lat' dir='ltr'>Anima</span> <span class='ocrx_word' id='word_1_437' title='bbox 930 2741 952 2779; x_wconf 92' lang='lat' dir='ltr'>I,</span> <span class='ocrx_word' id='word_1_438' title='bbox 980 2741 998 2773; x_wconf 91' lang='lat'><strong>3</strong></span> <span class='ocrx_word' id='word_1_439' title='bbox 1020 2750 1124 2782; x_wconf 90' lang='lat' dir='ltr'>seqq.</span> <span class='ocrx_word' id='word_1_440' title='bbox 1150 2740 1252 2780; x_wconf 85' lang='lat' dir='ltr'>(text.</span> <span class='ocrx_word' id='word_1_441' title='bbox 1281 2740 1441 2779; x_wconf 82' lang='lat'>46—90),</span> <span class='ocrx_word' id='word_1_442' title='bbox 1476 2741 1534 2773; x_wconf 91' lang='lat' dir='ltr'>ubi</span> <span class='ocrx_word' id='word_1_443' title='bbox 1561 2741 1726 2779; x_wconf 89' lang='lat' dir='ltr'>ostendit,</span> <span class='ocrx_word' id='word_1_444' title='bbox 1753 2741 1907 2773; x_wconf 84' lang='lat' dir='ltr'>animam</span> <span class='ocrx_word' id='word_1_445' title='bbox 1933 2750 2003 2773; x_wconf 92' lang='lat' dir='ltr'>non</span> 
     </span>
     <span class='ocr_line' id='line_1_45' title="bbox 347 2793 2001 2835; baseline 0 -8"><span class='ocrx_word' id='word_1_446' title='bbox 347 2804 429 2827; x_wconf 90' lang='lat' dir='ltr'>esse</span> <span class='ocrx_word' id='word_1_447' title='bbox 443 2795 722 2835; x_wconf 88' lang='lat' dir='ltr'>magnitudinem</span> <span class='ocrx_word' id='word_1_448' title='bbox 737 2803 855 2835; x_wconf 89' lang='lat' dir='ltr'>neque</span> <span class='ocrx_word' id='word_1_449' title='bbox 870 2803 1001 2834; x_wconf 90' lang='grc'>00111115</span> <span class='ocrx_word' id='word_1_450' title='bbox 1015 2795 1164 2826; x_wconf 88' lang='lat' dir='ltr'>mixtum</span> <span class='ocrx_word' id='word_1_451' title='bbox 1178 2793 1430 2833; x_wconf 82' lang='lat' dir='ltr'>(harmoniam)</span> <span class='ocrx_word' id='word_1_452' title='bbox 1444 2802 1562 2834; x_wconf 90' lang='lat' dir='ltr'>neque</span> <span class='ocrx_word' id='word_1_453' title='bbox 1576 2794 1845 2826; x_wconf 90' lang='lat' dir='ltr'>subtilissimum</span> <span class='ocrx_word' id='word_1_454' title='bbox 1859 2803 2001 2835; x_wconf 86' lang='lat' dir='ltr'>corpus.</span> 
     </span>
     <span class='ocr_line' id='line_1_46' title="bbox 346 2846 2001 2889; baseline -0.001 -9"><span class='ocrx_word' id='word_1_455' title='bbox 346 2848 441 2880; x_wconf 88' lang='lat' dir='ltr'>Idem</span> <span class='ocrx_word' id='word_1_456' title='bbox 468 2848 597 2888; x_wconf 88' lang='lat' dir='ltr'>probat</span> <span class='ocrx_word' id='word_1_457' title='bbox 621 2848 681 2880; x_wconf 92' lang='lat' dir='ltr'>Au</span> <span class='ocrx_word' id='word_1_458' title='bbox 690 2857 735 2889; x_wconf 86' lang='lat' dir='ltr'>g.,</span> <span class='ocrx_word' id='word_1_459' title='bbox 762 2848 813 2880; x_wconf 85' lang='lat' dir='ltr'>De</span> <span class='ocrx_word' id='word_1_460' title='bbox 838 2848 1004 2879; x_wconf 81' lang='lat' dir='ltr'>Immort.</span> <span class='ocrx_word' id='word_1_461' title='bbox 1030 2847 1199 2885; x_wconf 79' lang='lat' dir='ltr'>Animae,</span> <span class='ocrx_word' id='word_1_462' title='bbox 1225 2856 1254 2879; x_wconf 93' lang='lat' dir='ltr'>c.</span> <span class='ocrx_word' id='word_1_463' title='bbox 1284 2848 1340 2879; x_wconf 85' lang='lat'>10:</span> <span class='ocrx_word' id='word_1_464' title='bbox 1369 2846 1422 2879; x_wconf 78' lang='lat' dir='ltr'>De</span> <span class='ocrx_word' id='word_1_465' title='bbox 1449 2847 1664 2886; x_wconf 75' lang='lat' dir='ltr'>Quantitate</span> <span class='ocrx_word' id='word_1_466' title='bbox 1687 2846 1855 2885; x_wconf 78' lang='lat' dir='ltr'>Animae,</span> <span class='ocrx_word' id='word_1_467' title='bbox 1883 2856 1911 2880; x_wconf 91' lang='lat' dir='ltr'>c.</span> <span class='ocrx_word' id='word_1_468' title='bbox 1940 2848 2001 2885; x_wconf 75' lang='lat'>183</span> 
     </span>
     <span class='ocr_line' id='line_1_47' title="bbox 346 2900 2003 2941; baseline -0.001 -8"><span class='ocrx_word' id='word_1_469' title='bbox 346 2901 397 2933; x_wconf 84' lang='lat' dir='ltr'>De</span> <span class='ocrx_word' id='word_1_470' title='bbox 421 2900 561 2933; x_wconf 79' lang='lat' dir='ltr'>Anima</span> <span class='ocrx_word' id='word_1_471' title='bbox 585 2903 620 2933; x_wconf 81' lang='lat' dir='ltr'>et</span> <span class='ocrx_word' id='word_1_472' title='bbox 643 2902 723 2933; x_wconf 78' lang='lat' dir='ltr'>eius</span> <span class='ocrx_word' id='word_1_473' title='bbox 750 2901 902 2941; x_wconf 75' lang='lat' dir='ltr'>Oriyine</span> <span class='ocrx_word' id='word_1_474' title='bbox 926 2901 949 2939; x_wconf 89' lang='lat' dir='ltr'>I,</span> <span class='ocrx_word' id='word_1_475' title='bbox 978 2902 1013 2939; x_wconf 88' lang='lat'>5;</span> <span class='ocrx_word' id='word_1_476' title='bbox 1051 2900 1106 2939; x_wconf 92' lang='lat' dir='ltr'>IV,</span> <span class='ocrx_word' id='word_1_477' title='bbox 1136 2901 1194 2939; x_wconf 76' lang='lat'>123</span> <span class='ocrx_word' id='word_1_478' title='bbox 1231 2901 1283 2933; x_wconf 83' lang='lat' dir='ltr'>De</span> <span class='ocrx_word' id='word_1_479' title='bbox 1310 2900 1396 2932; x_wconf 84' lang='lat' dir='ltr'>Gen.</span> <span class='ocrx_word' id='word_1_480' title='bbox 1423 2900 1474 2932; x_wconf 87' lang='lat' dir='ltr'>ad</span> <span class='ocrx_word' id='word_1_481' title='bbox 1497 2900 1562 2932; x_wconf 79' lang='lat' dir='ltr'>Lit.</span> <span class='ocrx_word' id='word_1_482' title='bbox 1598 2900 1668 2939; x_wconf 92' lang='lat' dir='ltr'>VII,</span> <span class='ocrx_word' id='word_1_483' title='bbox 1698 2901 1758 2939; x_wconf 85' lang='grc'>12;</span> <span class='ocrx_word' id='word_1_484' title='bbox 1796 2901 1834 2939; x_wconf 87' lang='grc' dir='ltr'>Χ,</span> <span class='ocrx_word' id='word_1_485' title='bbox 1863 2901 1916 2939; x_wconf 84' lang='grc'>24,</span> <span class='ocrx_word' id='word_1_486' title='bbox 1944 2901 2003 2933; x_wconf 91' lang='lat' dir='ltr'>ubi</span> 
     </span>
     <span class='ocr_line' id='line_1_48' title="bbox 346 2953 2002 2995; baseline 0 -9"><span class='ocrx_word' id='word_1_487' title='bbox 346 2954 534 2995; x_wconf 87' lang='lat' dir='ltr'>impugnat</span> <span class='ocrx_word' id='word_1_488' title='bbox 558 2954 897 2993; x_wconf 89' lang='lat' dir='ltr'>Tertullianum,</span> <span class='ocrx_word' id='word_1_489' title='bbox 935 2954 996 2994; x_wconf 91' lang='lat' dir='ltr'>qui</span> <span class='ocrx_word' id='word_1_490' title='bbox 1032 2954 1183 2994; x_wconf 86' lang='lat' dir='ltr'>putabat</span> <span class='ocrx_word' id='word_1_491' title='bbox 1216 2953 1328 2985; x_wconf 91' lang='lat' dir='ltr'>Deum</span> <span class='ocrx_word' id='word_1_492' title='bbox 1366 2953 1402 2984; x_wconf 89' lang='lat' dir='ltr'>et</span> <span class='ocrx_word' id='word_1_493' title='bbox 1433 2953 1586 2985; x_wconf 85' lang='lat' dir='ltr'>animam</span> <span class='ocrx_word' id='word_1_494' title='bbox 1613 2961 1695 2985; x_wconf 90' lang='lat' dir='ltr'>esse</span> <span class='ocrx_word' id='word_1_495' title='bbox 1721 2962 1863 2993; x_wconf 89' lang='lat' dir='ltr'>corpus.</span> <span class='ocrx_word' id='word_1_496' title='bbox 1913 2953 2002 2986; x_wconf 91' lang='lat' dir='ltr'>Vide</span> 
     </span>
     <span class='ocr_line' id='line_1_49' title="bbox 346 3005 2001 3048; baseline -0.001 -9"><span class='ocrx_word' id='word_1_497' title='bbox 346 3007 514 3045; x_wconf 82' lang='lat' dir='ltr'>BonaV.,</span> <span class='ocrx_word' id='word_1_498' title='bbox 552 3007 617 3048; x_wconf 82' lang='lat' dir='ltr'>Op.</span> <span class='ocrx_word' id='word_1_499' title='bbox 645 3015 743 3039; x_wconf 85' lang='lat' dir='ltr'>omn.</span> <span class='ocrx_word' id='word_1_500' title='bbox 770 3007 808 3045; x_wconf 92' lang='lat' dir='ltr'>II,</span> <span class='ocrx_word' id='word_1_501' title='bbox 836 3005 936 3039; x_wconf 85' lang='lat'>4525.</span> <span class='ocrx_word' id='word_1_502' title='bbox 1078 3005 1093 3027; x_wconf 82' lang='lat'><strong>3</strong></span> <span class='ocrx_word' id='word_1_503' title='bbox 1118 3006 1187 3038; x_wconf 83' lang='lat' dir='ltr'>Cir.</span> <span class='ocrx_word' id='word_1_504' title='bbox 1223 3006 1345 3046; x_wconf 88' lang='lat' dir='ltr'>Diog.</span> <span class='ocrx_word' id='word_1_505' title='bbox 1371 3005 1509 3037; x_wconf 87' lang='lat' dir='ltr'>Laert.</span> <span class='ocrx_word' id='word_1_506' title='bbox 1536 3005 1620 3045; x_wconf 86' lang='lat' dir='ltr'>VIII,</span> <span class='ocrx_word' id='word_1_507' title='bbox 1651 3006 1679 3044; x_wconf 89' lang='lat'>1,</span> <span class='ocrx_word' id='word_1_508' title='bbox 1706 3006 1764 3044; x_wconf 86' lang='lat'>31;</span> <span class='ocrx_word' id='word_1_509' title='bbox 1800 3006 2001 3045; x_wconf 88' lang='lat' dir='ltr'>Thomas,</span> 
     </span>
     <span class='ocr_line' id='line_1_50' title="bbox 348 3058 2000 3099; baseline -0.001 -7"><span class='ocrx_word' id='word_1_510' title='bbox 348 3060 489 3091; x_wconf 77' lang='lat' dir='ltr'>Contra</span> <span class='ocrx_word' id='word_1_511' title='bbox 515 3060 615 3092; x_wconf 82' lang='lat' dir='ltr'>Gent.</span> <span class='ocrx_word' id='word_1_512' title='bbox 642 3060 679 3098; x_wconf 90' lang='grc' dir='ltr'>ΙΙ,</span> <span class='ocrx_word' id='word_1_513' title='bbox 707 3061 760 3092; x_wconf 84' lang='lat'>73.</span> <span class='ocrx_word' id='word_1_514' title='bbox 901 3058 915 3080; x_wconf 70' lang='lat'>4</span> <span class='ocrx_word' id='word_1_515' title='bbox 941 3060 1011 3091; x_wconf 75' lang='lat' dir='ltr'>Cir.</span> <span class='ocrx_word' id='word_1_516' title='bbox 1038 3059 1209 3097; x_wconf 86' lang='lat' dir='ltr'>scotus,</span> <span class='ocrx_word' id='word_1_517' title='bbox 1244 3058 1358 3091; x_wconf 71' lang='lat' dir='ltr'>Oxon.</span> <span class='ocrx_word' id='word_1_518' title='bbox 1385 3058 1440 3097; x_wconf 93' lang='lat' dir='ltr'>IV,</span> <span class='ocrx_word' id='word_1_519' title='bbox 1468 3059 1499 3090; x_wconf 89' lang='lat' dir='ltr'>d.</span> <span class='ocrx_word' id='word_1_520' title='bbox 1528 3059 1556 3097; x_wconf 92' lang='lat'>1,</span> <span class='ocrx_word' id='word_1_521' title='bbox 1584 3068 1616 3099; x_wconf 92' lang='lat' dir='ltr'>q.</span> <span class='ocrx_word' id='word_1_522' title='bbox 1646 3059 1661 3090; x_wconf 92' lang='lat'>1</span> <span class='ocrx_word' id='word_1_523' title='bbox 1689 3068 1721 3091; x_wconf 93' lang='lat' dir='ltr'>n.</span> <span class='ocrx_word' id='word_1_524' title='bbox 1749 3059 1808 3098; x_wconf 76' lang='lat'>303</span> <span class='ocrx_word' id='word_1_525' title='bbox 1844 3059 1895 3091; x_wconf 84' lang='lat' dir='ltr'>De</span> <span class='ocrx_word' id='word_1_526' title='bbox 1920 3059 2000 3091; x_wconf 79' lang='lat' dir='ltr'>Rer.</span> 
     </span>
     <span class='ocr_line' id='line_1_51' title="bbox 347 3104 1774 3153; baseline -0.001 -9"><span class='ocrx_word' id='word_1_527' title='bbox 347 3112 467 3145; x_wconf 76' lang='lat' dir='ltr'>Princ.</span> <span class='ocrx_word' id='word_1_528' title='bbox 494 3121 528 3153; x_wconf 86' lang='lat' dir='ltr'>q.</span> <span class='ocrx_word' id='word_1_529' title='bbox 554 3113 583 3151; x_wconf 88' lang='lat'>9,</span> <span class='ocrx_word' id='word_1_530' title='bbox 612 3113 676 3145; x_wconf 88' lang='lat' dir='ltr'>art.</span> <span class='ocrx_word' id='word_1_531' title='bbox 706 3113 721 3144; x_wconf 90' lang='lat'>1</span> <span class='ocrx_word' id='word_1_532' title='bbox 750 3114 786 3145; x_wconf 92' lang='lat' dir='ltr'>et</span> <span class='ocrx_word' id='word_1_533' title='bbox 810 3113 829 3145; x_wconf 89' lang='lat'>2</span> <span class='ocrx_word' id='word_1_534' title='bbox 855 3121 889 3144; x_wconf 87' lang='lat' dir='ltr'>n.</span> <span class='ocrx_word' id='word_1_535' title='bbox 917 3104 970 3144; x_wconf 86' lang='lat'>55.</span> <span class='ocrx_word' id='word_1_536' title='bbox 1111 3111 1126 3133; x_wconf 77' lang='lat'>5</span> <span class='ocrx_word' id='word_1_537' title='bbox 1151 3111 1220 3144; x_wconf 83' lang='lat' dir='ltr'>Cir.</span> <span class='ocrx_word' id='word_1_538' title='bbox 1247 3112 1448 3150; x_wconf 85' lang='lat' dir='ltr'>Thomas,</span> <span class='ocrx_word' id='word_1_539' title='bbox 1478 3111 1608 3150; x_wconf 78' lang='lat' dir='ltr'>Quodl.</span> <span class='ocrx_word' id='word_1_540' title='bbox 1634 3111 1656 3150; x_wconf 91' lang='grc' dir='ltr'>Ι,</span> <span class='ocrx_word' id='word_1_541' title='bbox 1685 3120 1717 3151; x_wconf 84' lang='lat' dir='ltr'>q.</span> <span class='ocrx_word' id='word_1_542' title='bbox 1745 3112 1774 3144; x_wconf 88' lang='lat'>4.</span> 
     </span>
    </p>
   </div>
  </div>
 </body>
</html>
