2095 3459
829 209 1001 245 Quaestio
1030 209 1099 243 Vll.
1762 212 1806 247 75

134 304 299 351 pariens
325 305 376 341 ad
399 304 555 350 prolem
576 306 800 342 secundum
822 305 1012 352 August
1027 307 1155 343 inum
1172 310 1194 349 ¹,
1222 309 1262 344 et
1286 310 1483 346 memoria
1503 320 1668 356 semper
1686 311 1805 354 lucet,

135 373 299 410 semper
324 365 623 409 repraesentat,
650 365 843 409 quantum
872 367 935 401 est
960 375 985 402 a
1011 368 1126 411 parte
1154 367 1227 403 sui.
1279 367 1394 408 Quod
1421 370 1557 406 autem
1579 370 1700 407 homo
1723 381 1804 407 non

135 432 300 469 semper
326 423 522 469 intelligit,
550 423 733 460 detectus
763 425 826 460 est
851 434 876 460 a
902 426 1017 470 parte
1044 426 1274 463 intellectus
1296 428 1514 472 possibilis,
1542 439 1623 465 non
1644 439 1669 465 a
1689 431 1803 475 parte

136 482 370 519 memoriae.
421 482 513 518 Alii
554 483 691 519 dicunt
729 484 836 528 quod
875 484 1106 520 intellectus
1145 495 1274 531 agens
1313 486 1529 524 includitur
1567 488 1606 524 in
1644 489 1804 526 ratione

101 548 117 573 5
137 541 355 587 superiori;
383 551 465 578 non
493 542 719 578 secundum
745 543 853 587 quod
880 545 1210 588 apprehendens,
1238 546 1311 582 sed
1339 546 1443 582 sicut
1469 557 1641 583 movens
1662 547 1806 586 intelli-

135 601 241 647 gitur
266 601 307 637 in
334 602 443 638 moto
471 602 512 637 et
537 602 651 638 actus
677 601 719 637 in
745 602 939 647 potentia.
988 602 1035 638 Et
1062 604 1139 640 hoc
1166 605 1229 640 est
1254 614 1407 647 verum,
1435 606 1538 642 sicut
1564 606 1687 643 credo
1715 607 1804 644 sine

136 660 399 706 praeiudicio.

275 720 307 756 4.
335 720 395 756 Ad
423 720 608 765 quartum
637 720 852 756 dicendum
879 722 985 766 quod
1013 721 1244 759 intellectus
1270 732 1412 769 agens,
1446 725 1670 763 secundum
1697 727 1805 771 quod

138 780 201 815 est
226 788 321 824 pars
348 777 521 820 animae,
548 788 631 815 non
658 778 792 825 dirigit
816 779 934 816 aliter
960 790 1091 825 quam,
1119 782 1161 817 ut
1187 782 1336 818 dictum
1364 783 1436 825 est,
1475 784 1804 821 transformando

86 844 118 869 10
137 838 386 875 intellectum
411 838 649 884 possibilem
669 838 711 874 in
731 838 1033 876 similitudinem
1054 849 1189 876 rerum
1209 841 1519 888 intelligibilium
1539 844 1580 879 et
1599 845 1805 881 movendo

137 897 270 943 ipsum
289 898 333 934 ut
351 897 578 943 applicetur
596 897 746 934 lumini.
778 897 939 934 Illarum
958 898 1078 945 igitur
1098 909 1233 936 rerum
1254 901 1469 946 conceptio
1491 903 1554 938 est
1574 902 1804 940 intellectus

137 956 355 1002 possibilis.
404 956 452 993 Et
485 957 563 993 hoc
599 957 824 993 secundum
859 957 940 993 vim
975 958 1194 1004 passivam.
1244 959 1460 997 Illustratio
1495 962 1633 998 autem
1666 972 1805 999 earum

139 1017 202 1052 est
228 1016 452 1053 secundum
478 1016 560 1052 vim
585 1016 761 1052 activam
786 1017 959 1063 agentis,
985 1018 1130 1063 partim
1156 1018 1292 1060 creati,
1319 1019 1464 1064 partim
1489 1020 1671 1057 increati.
1716 1021 1807 1058 Am—

138 1075 262 1121 plius:
287 1075 404 1111 Ratio
426 1075 614 1120 superior
638 1075 762 1112 habet
787 1075 875 1112 illas
902 1077 1066 1123 regulas
1093 1077 1315 1123 impressas
1343 1079 1394 1115 ab
1420 1079 1628 1116 intellectu
1654 1082 1805 1127 agente

89 1139 119 1165 15
138 1134 161 1170 i.
189 1143 223 1171 e.
249 1134 340 1170 luce
367 1134 550 1170 aeterna.

276 1194 309 1229 5.
336 1192 397 1230 Ad
418 1193 599 1239 quintum
620 1193 883 1236 <dicendum>
903 1196 1012 1241 quod
1032 1195 1135 1232 ratio
1163 1196 1349 1241 superior
1372 1197 1546 1234 illustrat
1571 1198 1806 1235 inferiorem

138 1262 221 1289 non
240 1252 389 1289 virtute
409 1252 477 1289 vel
494 1253 584 1289 luce
599 1255 732 1296 <sua>,
753 1254 828 1290 sed
848 1254 1006 1291 virtutis
1027 1254 1249 1297 increatae,
1270 1265 1376 1301 quae
1398 1258 1462 1293 est
1482 1257 1569 1293 eius
1591 1253 1806 1294 obiectum.

137 1311 370 1349 Intellectus
397 1313 535 1349 autem
560 1322 689 1359 agens
717 1314 879 1350 creatus
906 1313 1042 1359 aliquo
1081 1315 1202 1350 modo
1241 1314 1413 1352 illustrat
1448 1316 1595 1353 virtute
1631 1317 1806 1363 propria,

140 1371 325 1417 quamvis
351 1371 602 1418 imperfecte.

86 1440 120 1465 20
278 1432 310 1468 6.
346 1430 409 1468 Ad
435 1432 599 1468 sextum
623 1431 888 1474 (dicendum)
915 1433 1023 1478 quod
1049 1432 1274 1470 divisiones
1300 1433 1404 1470 istae
1432 1436 1526 1471 sunt
1551 1434 1805 1472 diversorum

138 1500 347 1537 generum.
399 1490 503 1532 Quia
527 1500 609 1527 una
635 1492 698 1527 est
723 1501 797 1537 per
822 1491 1062 1533 accidentia,
1088 1492 1169 1528 alia
1193 1502 1267 1538 per
1293 1493 1539 1530 essentiales
1565 1495 1716 1539 partes.
1760 1494 1808 1531 Et

139 1549 233 1586 ideo
260 1559 343 1586 non
364 1550 600 1595 sequuntur.
632 1550 834 1596 Amplius:
860 1550 901 1588 Si
926 1551 1098 1597 utraque
1126 1552 1239 1588 esset
1257 1561 1331 1597 per
1352 1552 1596 1589 essentiales
1618 1553 1807 1591 differen-

139 1609 228 1651 tias,
255 1609 388 1646 adhuc
413 1619 496 1646 non
523 1610 776 1655 sequeretur,
801 1610 881 1646 nisi
905 1611 1077 1656 utraque
1104 1610 1251 1647 divisio
1279 1612 1393 1647 esset
1419 1611 1602 1648 eiusdem
1624 1612 1806 1649 rationis.

141 1667 186 1704 V.
220 1678 256 1714 g.
294 1668 444 1705 animal
481 1668 671 1705 dividitur
707 1668 748 1705 in
787 1678 935 1715 corpus
976 1670 1016 1706 et
1047 1670 1270 1714 hominem;
1314 1670 1380 1707 vel
1423 1671 1573 1707 animal
1618 1671 1807 1708 dividitur

87 1735 121 1760 25
142 1726 264 1763 etiam
286 1736 360 1773 per
384 1727 585 1765 rationale
612 1729 653 1764 et
677 1727 924 1765 irrationale.
973 1729 1057 1766 Nec
1082 1730 1221 1766 tamen
1246 1729 1325 1766 ista
1351 1729 1574 1767 dividentia
1598 1731 1807 1774 <eiusdem

140 1785 347 1829 rationis>

718 1990 1026 2052 Quaestio
1064 1989 1217 2044 VII.2
1827 2009 1887 2042 roc.
1915 2008 2017 2042 26rb

176 2123 413 2170 Quaeritur
444 2126 592 2167 utrum
624 2124 864 2176 cogitativa
894 2124 1048 2174 virtus,
1081 2124 1315 2166 irascibilis
1347 2127 1390 2165 et
1422 2125 1779 2176 concupiscibilis

265 2195 352 2235 sint
376 2194 496 2235 vires
527 2194 767 2236 sensitivae
799 2197 969 2236 tantum
1002 2206 1059 2236 an
1092 2195 1226 2236 etiam
1257 2196 1343 2236 sint
1374 2195 1686 2236 intellectivae.

91 2313 125 2339 3⁰
282 2307 413 2349 Quod
439 2308 594 2345 autem
620 2307 866 2354 cogitativa
892 2308 948 2345 sit
973 2308 1189 2345 sensitiva
1213 2308 1388 2345 tantum
1415 2308 1668 2345 ostenditur
1830 2317 1878 2353 Α,

764 2376 849 2413 per
873 2367 1184 2413 philosophos.

285 2444 456 2481 Dicente
477 2442 780 2481 Commentat
791 2453 873 2481 ore
888 2447 921 2480 3:
944 2443 1101 2488 „Virtus
1122 2444 1342 2490 cogitativa
1361 2444 1468 2489 apud
1489 2443 1809 2480 Aristotelem

147 2504 211 2540 est
235 2502 467 2540 distinctiva
492 2502 749 2540 individualis
777 2504 818 2540 et
844 2504 907 2540 est
932 2503 973 2539 in
999 2502 1134 2539 medio
1162 2503 1353 2539 cerebri.“

283 2562 396 2599 Haec
431 2564 495 2598 est
529 2562 652 2598 etiam
686 2562 892 2598 sententia
924 2561 1043 2598 Avic
1052 2571 1074 2598 e
1086 2570 1211 2598 nnae
1225 2563 1240 2587 4
1281 2561 1340 2598 VI.
1365 2561 1640 2598 Naturalium
1667 2561 1707 2597 et
1734 2561 1767 2597 A
1778 2561 1811 2596 l-

94 2631 128 2657 35
146 2631 205 2668 ga
216 2620 411 2665 zel<-is>
423 2624 448 2657 5.

287 2719 306 2752 6
332 2718 441 2758 moto]
467 2720 542 2752 toto
614 2719 656 2751 28
683 2718 808 2758 virtus]
838 2718 875 2757 ἢ-
898 2718 964 2751 sed
983 2719 1018 2751 et
1036 2727 1120 2751 cum
1145 2718 1295 2751 lacuna.
1336 2718 1459 2758 Quam
1483 2717 1644 2758 mediam
1672 2718 1811 2751 lineam

149 2772 201 2804 ad
226 2781 258 2813 q.
290 2772 338 2804 VI
353 2771 543 2814 pertinere
562 2773 657 2813 puto

288 2865 301 2888 1
326 2864 378 2899 De
406 2867 504 2899 Tm'n.
530 2866 585 2905 XI,
613 2866 632 2898 7
658 2864 729 2905 (PL
755 2866 809 2905 42,
825 2866 890 2899 993
916 2874 950 2898 n.
966 2863 1035 2904 11).
1068 2864 1160 2904 „Sed
1185 2873 1263 2897 cum
1289 2865 1477 2906 cogitatur,
1504 2873 1552 2897 ex
1576 2865 1638 2897 illa
1656 2863 1810 2905 (specie)

151 2928 259 2960 quam
289 2919 464 2952 memoria
487 2920 596 2958 tenet,
634 2919 847 2959 exprimitur
877 2918 913 2950 in
945 2918 1023 2950 acie
1048 2917 1251 2959 cogitantis,
1289 2918 1325 2950 et
1349 2917 1612 2950 reminiscendo
1638 2917 1811 2954 formatur

151 2981 196 3005 ea
220 2972 364 3013 species
391 2981 484 3013 quae
512 2971 617 3012 quasi
640 2971 764 3012 proles
790 2972 846 3004 est
871 2971 949 3003 eius
976 2979 1083 3011 quam
1107 2970 1280 3003 memoria
1299 2969 1428 3003 tenet.“

288 3023 304 3047 2
329 3025 399 3058 Otr.
425 3025 597 3063 Bonav.,
627 3024 692 3065 Op.
719 3033 819 3057 omn.
844 3023 899 3063 III,
926 3023 990 3056 581
1019 3021 1226 3062 (Scholion).

288 3077 304 3099 3
327 3078 379 3110 De
406 3077 545 3110 Anima
568 3077 622 3116 ΙΙΙ,
649 3078 668 3109 4
694 3075 797 3116 (text.
825 3075 870 3116 6).
988 3074 1003 3097 4
1027 3075 1082 3115 IV,
1111 3076 1140 3108 1.
1261 3074 1276 3097 5
1301 3075 1374 3108 Lib.
1400 3075 1439 3114 II,
1466 3076 1566 3107 tract.
1595 3075 1613 3107 4
1639 3074 1688 3115 (p.
1717 3075 1758 3107 56
1774 3073 1809 3114 r).
