2095 3459
778 191 1047 232 prolegomena.
1649 184 1752 222 XVII

83 293 244 334 abhinc
277 294 404 338 annis
436 294 565 334 editis
581 288 605 339 ¹,
649 304 764 343 quae
803 293 906 343 quid
945 294 1002 333 ad
1034 293 1331 344 cognitionem
1364 293 1538 333 illarum
1571 293 1751 332 scholae

81 371 487 411 controversiarum
519 371 712 418 valeant,
747 370 1027 410 doctissimus
1054 371 1128 410 ille
1153 370 1198 409 P.
1224 370 1300 409 Fr.
1322 370 1479 409 Ehrle
1501 369 1541 409 S.
1564 369 1602 409 J.
1625 379 1752 420 prae—

81 448 202 488 clare
229 447 436 497 exposuit
451 441 479 486 ².
530 447 597 486 Ex
624 447 784 496 quibus
809 446 1008 496 epistolis
1041 447 1076 486 si
1111 457 1200 495 eos,
1235 446 1308 496 qui
1341 447 1396 486 ad
1429 456 1523 485 rem
1555 448 1752 485 nostram

81 525 262 569 faciunt,
310 525 432 563 locos
472 524 543 563 hic
575 524 829 572 afferemus,
874 525 1049 574 gratum
1093 535 1175 563 nos
1219 523 1373 563 lectori
1414 524 1610 563 facturos
1654 533 1752 562 esse

82 611 326 651 speramus.

223 675 264 726 1)
300 677 363 717 Εεῑ
382 678 511 728 epist.
534 677 597 716 ad
616 677 969 717 universitatem
993 677 1306 722 oxoniensem,
1332 677 1444 716 data,
1466 677 1540 716 die
1561 677 1626 716 10.
1641 675 1752 716 Nov.

82 766 124 794 α.
160 755 271 794 1284
288 748 328 793 3.·

222 825 377 870 „Unum
411 835 510 862 vero
542 826 700 862 illorum
737 834 939 871 expresse
974 825 1205 862 notavimus
1242 825 1464 867 articulum,
1501 825 1754 870 quorundam

82 884 311 927 dicentium,
346 885 388 921 in
414 885 578 921 homine
606 894 701 921 esse
729 886 1010 922 tantummodo
1036 884 1208 920 formam
1239 894 1372 920 unam.
1422 884 1667 925 Notavimus,
1699 884 1756 919 in-

84 953 216 989 quam,
250 953 324 989 pro
353 953 415 986 eo,
451 944 560 989 quod
586 954 640 980 ex
665 944 755 989 ipso
781 944 975 989 sequitur,
1010 944 1053 979 ut
1086 944 1287 988 putamus,
1319 952 1397 979 nec
1428 952 1576 988 corpus
1609 942 1756 979 Christi

82 1003 212 1039 fuisse
238 1013 362 1039 unum
383 1013 554 1040 numero
574 1004 713 1040 vivum
734 1005 776 1040 et
795 1005 1008 1044 mortuum,
1034 1012 1112 1039 nec
1131 1002 1268 1047 aliqua
1287 1003 1520 1038 sanctorum
1540 1011 1755 1047 corporum

82 1063 169 1099 tota
202 1063 268 1098 vel
303 1063 529 1099 secundum
562 1064 701 1108 partes
738 1063 895 1108 aliquas
931 1063 972 1098 in
1012 1063 1112 1098 orbe
1148 1062 1329 1097 existere
1362 1061 1429 1097 vel
1459 1061 1501 1097 in
1526 1060 1647 1103 Urbe,
1683 1061 1755 1097 sed

83 1122 286 1166 quaedam
320 1121 410 1163 alia,
451 1131 556 1167 quae
591 1132 674 1158 non
709 1123 941 1168 genuerunt
974 1122 1126 1158 matres
1162 1122 1407 1162 sanctorum,
1446 1120 1520 1156 sed
1557 1121 1608 1157 de
1646 1129 1755 1156 novo

83 1180 244 1226 peperit
273 1181 501 1226 phantasia,
537 1181 632 1226 quia
664 1181 753 1217 sine
786 1181 1066 1217 substantialis
1098 1179 1255 1216 formae
1288 1180 1443 1216 unitate
1478 1179 1588 1215 nulla
1620 1180 1757 1224 potest

83 1239 346 1276 numeraliter
371 1239 601 1276 substantia
626 1249 722 1276 esse
748 1241 863 1276 una.“

223 1308 267 1358 2)
298 1310 364 1349 Ex
395 1310 523 1360 epist.
558 1311 621 1350 ad
653 1310 880 1361 quosdam
916 1311 1203 1358 CardinaleS,
1237 1309 1352 1349 data
1378 1309 1453 1349 die
1478 1311 1516 1349 1.
1537 1308 1756 1349 Ianuarii

86 1381 252 1426 12854:

227 1452 462 1496 „Quandam
500 1453 637 1489 autem
674 1453 831 1489 illarum
869 1453 1107 1498 opinionum
1144 1452 1349 1498 tetigimus
1385 1452 1627 1497 specialiter,
1666 1460 1756 1488 eam

85 1511 313 1548 manifestis
338 1512 565 1548 rationibus
591 1512 890 1558 impugnantes,
922 1512 1162 1558 ponentium
1192 1511 1384 1548 videlicet
1408 1511 1455 1547 in
1481 1511 1652 1547 homine
1677 1511 1756 1546 exi-

84 1573 190 1607 stere
210 1573 377 1607 tantum
398 1571 525 1607 modo
544 1571 730 1607 formam
749 1581 896 1615 unam,
922 1581 996 1616 pro
1022 1581 1071 1607 eo
1092 1571 1200 1616 quod
1221 1580 1276 1606 ex
1294 1570 1385 1616 Ipsa
1405 1570 1587 1615 sequitur
1606 1570 1757 1606 nullum

86 1639 236 1675 corpus
262 1630 394 1666 sancti
418 1630 597 1666 totaliter
622 1631 689 1667 vel
714 1631 939 1676 partialiter
963 1630 1005 1666 in
1030 1631 1116 1666 toto
1143 1630 1242 1666 orbe
1270 1629 1452 1666 existere
1478 1629 1545 1665 vel
1570 1629 1610 1664 in
1635 1628 1756 1670 Urbe,

86 1699 178 1725 cum
209 1689 299 1725 sine
331 1689 487 1725 unitate
519 1688 675 1725 formae
706 1690 911 1735 generalis
945 1691 1014 1726 aut
1047 1689 1236 1734 specialis
1268 1689 1420 1725 nullum
1452 1698 1600 1733 corpus
1627 1687 1758 1733 possit

86 1748 350 1785 numeraliter
376 1757 471 1784 esse
497 1758 632 1784 unum.
682 1748 773 1784 Alia
799 1749 921 1785 etiam
947 1747 1281 1784 inconvenientia
1302 1748 1525 1793 sequuntur
1545 1747 1758 1783 innumera

88 1817 142 1843 ex
165 1807 245 1843 hoc
269 1807 371 1852 ipso.
420 1806 509 1843 Fuit
533 1816 683 1844 revera
708 1807 777 1843 illa
802 1807 940 1853 opinio
965 1807 1102 1843 Fratris
1128 1807 1308 1843 Thomae
1335 1807 1503 1842 sanctae
1535 1806 1757 1842 memoriae

86 1867 138 1903 de
166 1866 339 1912 Aquino,
366 1867 440 1902 sed
468 1866 558 1912 ipse
587 1866 628 1902 in
654 1867 716 1903 his
743 1868 784 1903 et
808 1866 849 1903 in
874 1866 963 1903 aliis
990 1865 1221 1902 huiusmodi
1246 1865 1362 1901 dictis
1391 1865 1474 1901 suis
1502 1874 1618 1901 suam
1643 1864 1757 1900 inno-

88 1925 264 1961 centiam
280 1924 458 1961 Parisius
478 1924 520 1960 in
540 1925 713 1971 collegio
734 1925 1021 1971 magistrorum
1040 1925 1275 1971 theologiae
1295 1924 1499 1960 humiliter
1518 1924 1757 1967 declaravit;

89 1984 295 2020 subiciens
331 1993 474 2019 omnes
512 1993 608 2020 suas
643 1984 761 2020 huius
796 1984 907 2020 modi
938 1984 1165 2021 sententias
1196 1983 1399 2020 libramini
1431 1985 1471 2019 et
1501 1983 1622 2019 limae
1653 1982 1758 2019 Pari-

89 2042 286 2079 siensium
311 2042 597 2088 magistrorum
605 2051 614 2087 ;
640 2042 754 2079 cuius
778 2052 855 2079 nos
876 2053 950 2088 per
968 2044 1130 2080 auditus
1151 2043 1305 2089 proprii
1324 2042 1609 2079 certitudinem
1629 2043 1757 2078 testes

90 2103 264 2138 sumus.“

229 2169 273 2220 3)
304 2172 370 2212 Ex
401 2172 558 2212 eadem
590 2172 788 2223 epistola
819 2173 882 2213 ad
920 2173 1046 2213 Um‘v.
1085 2173 1224 2214 Oxon.
1243 2167 1285 2212 ⁵:

231 2243 350 2287 „Sine
375 2244 548 2288 peccato
574 2243 735 2280 mortali
760 2244 962 2280 dimittere
988 2254 1072 2280 non
1097 2244 1313 2289 potuimus,
1351 2243 1446 2289 quin
1471 2243 1758 2279 resisteremus

91 2311 182 2338 cum
219 2302 422 2338 modestia
459 2302 640 2347 periculo
680 2302 871 2344 evidenti,
916 2303 1079 2340 dicente
1116 2303 1335 2348 propheta:
1385 2303 1463 2339 Vae
1499 2303 1620 2346 mihi,
1657 2303 1759 2348 quia

91 2360 206 2396 tacui
226 2389 234 2396 .
255 2389 263 2396 .
284 2390 292 2396 .
312 2370 365 2396 ne
391 2361 637 2397 mercenarii
661 2370 776 2397 more
796 2361 1007 2398 videamur
1033 2362 1212 2398 deficere
1238 2361 1400 2398 veritati
1421 2362 1461 2397 et
1480 2362 1532 2397 ab
1551 2361 1759 2397 imminen-

90 2419 198 2455 tibus
223 2419 390 2455 rictibus
416 2419 657 2465 trepidare.“

231 2521 243 2544 ¹
269 2523 387 2555 Primo
420 2524 466 2556 ab
492 2524 696 2563 Wilkins,
739 2523 897 2556 Conci-lia
933 2525 1083 2566 Maynae
1116 2524 1330 2556 Britanniae
1364 2528 1393 2556 et
1427 2523 1621 2556 Hiberniae
1654 2525 1759 2563 1737;

94 2576 223 2608 deinde
248 2584 315 2616 per
340 2575 407 2609 Ch.
433 2577 470 2609 T.
498 2577 657 2609 Martin
681 2576 718 2609 in
744 2586 856 2617 opere
881 2578 1028 2610 laudato
1054 2578 1090 2610 in
1115 2579 1202 2610 nota
1228 2579 1258 2617 1,
1285 2587 1318 2618 p.
1346 2578 1408 2609 XV
1433 2576 1505 2616 (est
1538 2578 1760 2610 collectionis

94 2628 325 2671 „Chronicles
349 2629 423 2661 and
447 2629 648 2661 memorials
673 2629 714 2670 of
738 2630 846 2661 Great
873 2630 1016 2661 Britain
1042 2630 1115 2662 and
1140 2628 1309 2662 Irelanffl‘
1341 2639 1436 2663 num.
1464 2629 1532 2669 77).
1577 2630 1759 2670 Epistolas

93 2682 140 2715 ad
175 2682 442 2722 philosophiam
478 2682 702 2722 pertinentes
743 2683 932 2715 exhibent:
978 2683 1435 2722 Denit'le-Chatelain‚
1479 2682 1759 2722 Char-talariam,

92 2736 177 2768 tom.
202 2735 227 2774 Ι,
252 2743 286 2767 n.
315 2735 391 2773 523,
417 2735 451 2774 p.
479 2734 545 2766 634
572 2736 608 2767 et
631 2735 1021 2772 Ehrle-Peckham.
1047 2744 1082 2776 p.
1110 2736 1175 2768 174
1202 2744 1305 2776 seqq.

231 2786 247 2808 2
271 2787 310 2819 In
335 2787 589 2820 dissertatione
613 2787 676 2819 illa
701 2787 946 2820 famosissima
969 2788 1038 2820 iam
1065 2788 1214 2828 saepius
1245 2788 1411 2821 laudata:
1450 2787 1566 2829 „John
1592 2787 1760 2819 Peclcham

95 2839 179 2871 iiber
203 2839 271 2871 den
294 2839 438 2881 Kampf
459 2839 517 2871 des
543 2840 833 2881 Auyustinismus
866 2841 941 2872 und
974 2839 1255 2872 Aristotelismus
1292 2841 1325 2871 in
1365 2840 1427 2872 der
1463 2841 1603 2871 zu‘eiten
1636 2839 1762 2880 Hc'ilfte

95 2892 155 2925 des
182 2893 234 2925 13.
259 2889 561 2925 Jahrhunderts“‚

233 2944 248 2967 3
271 2945 666 2985 Ehrle-Peckham‚
692 2955 726 2986 p.
755 2946 839 2985 174;
865 2946 1039 2985 Martin,
1067 2945 1147 2985 Rey.
1174 2945 1227 2984 III,
1256 2946 1332 2978 841.

232 2997 248 3019 4
272 2998 661 3038 Ehrle-Peckham‚
688 3007 722 3039 p.
752 2998 833 3037 181;
860 2999 1035 3037 Martin,
1061 2997 1141 3039 Rey.
1170 2999 1222 3037 ΙΙΙ,
1250 2998 1326 3030 871.

234 3049 249 3071 5
273 3050 353 3083 Scil.
374 3051 441 3083 sub
459 3052 547 3083 nota
565 3052 584 3083 3
606 3051 726 3090 citata,
752 3051 1145 3090 Ehrle-Peckham‚
1170 3060 1204 3091 p.
1222 3051 1304 3090 175;
1322 3050 1497 3090 Martin,
1518 3049 1599 3091 Ray.
1614 3050 1667 3089 111,
1684 3050 1759 3082 841.

167 3110 282 3138 Beitr.
297 3110 368 3143 xlx,
380 3111 434 3143 5l6.
453 3111 669 3145 Hieronym.
684 3111 925 3145 Spettmann,
945 3112 1094 3139 Johannis
1110 3111 1251 3138 Pechami
1270 3111 1477 3141 Quaestiones.
1595 3108 1623 3140 II
