2095 3459
776 207 948 249 Quaestio
975 213 1121 246 XXVIII.
1716 210 1782 249 193

112 307 333 352 propterea
359 307 434 344 Dei
462 310 525 344 est
551 308 698 355 imago,
729 310 824 354 quia
851 310 912 345 sui
939 311 1122 347 meminit
1147 321 1263 347 mens
1292 312 1333 347 et
1358 311 1544 358 intelligit
1570 322 1618 349 ac
1645 313 1781 359 diligit,

112 366 188 402 sed
214 366 309 411 quia
334 368 471 412 potest
497 368 734 405 meminisse
762 370 802 404 et
828 369 1056 416 intelligere
1085 372 1125 406 et
1150 380 1301 413 amare,
1327 380 1352 407 a
1378 381 1457 416 quo
1483 371 1591 408 facta
1618 373 1713 409 est.“

254 425 357 466 Quia
382 427 502 472 igitur
527 427 738 464 rationalis
766 429 911 465 natura
946 439 970 465 a
1006 429 1093 465 Deo
1130 430 1262 465 minus
1298 430 1454 466 recedit
1485 431 1525 467 in
1561 432 1689 477 gradu
1715 441 1783 468 na-

112 487 303 527 turarum,
342 486 437 531 quia
471 486 701 523 evidentius
729 487 861 532 ipsum
889 488 1079 534 exprimit
1104 498 1179 533 per
1204 489 1483 526 habitudinem
1509 491 1782 536 potentiarum

77 552 92 575 ⁵
113 553 289 586 suarum,
316 546 358 580 ut
384 545 490 581 inira
516 546 708 587 dicetur1,
736 546 832 591 quia
858 546 1067 583 efficacius
1093 548 1132 583 ei
1158 548 1427 594 coniungitur,
1462 549 1504 585 in
1532 559 1652 594 quem
1677 550 1783 586 redit

111 604 154 639 ut
181 603 395 643 obiectum.
434 605 527 641 ideo
566 606 654 642 sola
688 606 835 642 dicitur
860 606 935 642 Dei
970 607 1105 653 imago
1142 607 1182 643 in
1215 617 1370 653 genere
1398 610 1686 645 creaturarum.
1736 608 1783 645 Et

112 664 208 699 tunc
235 664 298 699 est
317 663 451 710 imago
474 665 513 700 et
534 665 763 707 sImilitudQ
792 675 881 701 cum
902 665 1085 711 perfecte
1108 666 1367 712 coniungitur
1386 667 1499 704 iuxta
1518 668 1634 705 illud:
1662 668 1782 713 „Cum

112 723 358 767 apparuerit,
387 724 540 759 similes
568 724 605 760 ei
632 724 843 760 erimus“2.

250 782 337 818 Hoc
364 783 487 818 etiam
513 783 746 826 notandum,
787 784 895 829 quod
933 785 1055 820 homo
1094 785 1134 820 in
1173 786 1310 821 mente
1349 785 1401 821 sit
1437 786 1583 832 imago,
1621 796 1704 823 non
1742 787 1782 823 in

62 854 94 878 lo
115 851 299 887 corpore,
320 842 396 878 nisi
419 842 531 888 large
551 842 770 888 loquendo,
797 843 1038 888 accipiendo
1059 843 1278 889 imaginem
1299 853 1372 889 pro
1393 844 1628 882 imitatione.
1674 845 1783 882 Sicut

113 900 290 946 loquitur
323 901 628 943 Ambrosius,
663 902 801 946 Super
834 902 1072 946 Epistolam
1107 903 1164 938 ad
1197 903 1343 939 Coll.3:
1383 903 1516 948 „Haec
1543 905 1617 946 est,
1655 905 1783 950 inquit

114 959 248 1006 imago
275 959 351 996 Dei
376 961 417 996 in
443 971 537 1002 uno,
576 961 670 1006 quia
706 970 810 997 unus
846 961 955 997 Deus
992 971 1116 998 unum
1151 961 1247 998 fecit
1279 963 1495 1005 hominem,
1533 965 1577 1000 ut
1603 964 1706 1000 sicut
1731 965 1781 1000 ab

115 1029 194 1055 uno
222 1019 309 1055 Deo
337 1021 431 1055 sunt
458 1020 605 1059 omnia,
632 1020 688 1056 ita
715 1021 857 1056 essent
883 1021 934 1056 ab
961 1030 1042 1057 uno
1069 1020 1233 1057 homine
1261 1031 1405 1058 omnes
1432 1022 1651 1059 homines.“

700 1108 869 1146 Solutio
898 1109 1196 1146 obiectorum.
1805 1113 1854 1149 D.

63 1200 95 1226 15
255 1188 285 1221 1.
323 1186 385 1222 Ad
419 1185 591 1231 primum
617 1186 882 1228 <dicendum>
914 1186 1023 1231 quod
1058 1186 1192 1232 imago
1229 1187 1368 1223 creata
1403 1187 1546 1224 dicitur
1581 1197 1783 1233 expressa

115 1245 333 1281 similitudo
361 1255 443 1281 non
470 1245 716 1291 simpliciter,
743 1246 816 1281 sed
837 1245 878 1281 in
898 1254 1053 1291 genere
1074 1246 1363 1288 creaturarum,
1391 1256 1561 1291 quarum
1582 1248 1782 1293 quaedam

114 1304 217 1349 plus,
244 1304 446 1349 quaedam
473 1304 605 1340 minus
632 1304 762 1340 Deum
788 1305 1114 1349 repraesentant.

253 1363 353 1399 Item
374 1373 465 1400 cum
484 1363 628 1399 dicitur
648 1363 757 1409 quod
777 1364 965 1399 creatura
984 1363 1176 1408 plus-Deo
1198 1364 1405 1400 dissimilis
1427 1366 1501 1401 etc.
1519 1385 1571 1407 -‚
1592 1365 1627 1402 si
1649 1366 1781 1411 „plus“

115 1422 362 1468 intelligatur
381 1423 597 1465 intensive,
618 1432 760 1459 verum
782 1424 845 1459 est
853 1430 861 1466 ;
881 1423 915 1458 si
935 1423 1182 1469 intelligatur
1197 1428 1210 1469 ΙΙ
1226 1424 1454 1466 extensive,
1475 1425 1544 1460 aut
1564 1424 1781 1462 similitudo
1804 1429 1864 1461 rol.
1888 1430 1991 1461 19ra

63 1501 97 1526 20
118 1482 159 1518 et
185 1482 469 1519 dissimilitudo
495 1481 728 1518 referuntur
752 1482 804 1518 ad
826 1482 994 1518 easdem
1014 1482 1301 1527 proprietates,
1327 1484 1398 1519 aut
1418 1483 1471 1519 ad
1490 1484 1591 1520 alias
1610 1484 1650 1520 et
1669 1484 1770 1520 alias

117 1541 158 1578 Si
182 1541 312 1587 primo
339 1542 472 1583 modo,
511 1541 616 1577 falsa
652 1542 715 1577 est
749 1541 974 1586 propositio
1002 1562 1045 1566 —
1072 1541 1107 1577 si
1133 1542 1271 1578 tamen
1303 1542 1538 1588 intelligitur
1565 1543 1781 1579 similitudo

115 1600 343 1646 analogice,
369 1610 452 1636 non
472 1600 648 1637 univoce
668 1621 724 1642 -,
751 1600 945 1645 quoniam
965 1600 1117 1645 optime
1136 1600 1314 1636 imitatur
1341 1601 1381 1637 et
1406 1600 1601 1638 imitando
1628 1602 1783 1638 assimi-

115 1660 222 1697 latur
247 1659 384 1696 anima
409 1660 450 1695 in
477 1659 662 1695 essentia
689 1660 729 1696 et
763 1659 957 1704 potentiis
984 1659 1168 1695 Trinitati
1202 1660 1473 1705 superbonae.
1524 1659 1566 1696 Si
1598 1660 1782 1697 secundo

116 1719 250 1761 modo,
275 1728 419 1755 verum
446 1720 519 1761 est,
557 1718 750 1764 quoniam
776 1719 893 1764 plura
919 1719 1022 1761 sunt,
1061 1718 1102 1754 in
1136 1718 1281 1763 quibus
1316 1719 1380 1754 est
1407 1718 1624 1761 dissimilis,
1663 1727 1781 1764 quam

64 1796 98 1821 25
118 1778 270 1814 Similis.

256 1838 287 1873 2.
314 1837 376 1874 Ad
403 1837 629 1874 secundum
655 1837 873 1874 dicendum
898 1838 1007 1883 quod
1033 1837 1239 1882 loquendo
1280 1837 1330 1873 de
1365 1837 1661 1874 assimilatione
1700 1839 1784 1874 uni-

116 1896 345 1933 vocationis
373 1905 516 1932 omnes
542 1896 584 1932 in
609 1896 810 1933 infinitum
836 1896 1003 1940 distant;
1041 1897 1247 1942 loquendo
1281 1896 1332 1932 de
1367 1896 1662 1933 assimilatione
1689 1907 1784 1933 ana—

117 1956 252 2002 logiae
279 1957 319 1992 et
345 1956 498 1992 ordinis
524 1963 624 1999 non;
651 1955 773 1991 immo
800 1965 881 1992 una
906 1956 1008 2001 plus,
1034 1956 1114 1992 alia
1139 1955 1283 1991 minus.

256 2017 288 2052 3.
315 2015 377 2052 Ad
402 2015 565 2051 tertium
592 2014 809 2051 dicendum
835 2015 945 2060 quod
969 2014 1188 2051 Hilarius
1222 2014 1279 2050 ibi
1314 2013 1457 2050 definit
1482 2014 1701 2061 imaginem
1728 2015 1783 2051 in-

66 2090 100 2116 30
119 2076 310 2112 creatam.
360 2074 436 2111 Vel
462 2074 678 2110 dicendum
712 2074 821 2119 quod
855 2074 961 2110 inter
994 2073 1215 2120 imaginem
1253 2074 1433 2109 creatam
1472 2074 1513 2110 et
1546 2073 1783 2110 Trinitatem

119 2144 202 2171 non
229 2135 293 2170 est
317 2133 545 2179 aequalitas
570 2133 862 2179 proportionis;
890 2134 953 2169 est
972 2134 1110 2169 tamen
1130 2132 1358 2178 aequalitas
1378 2133 1782 2178 proportionalitatis,

119 2193 214 2239 quia
257 2193 361 2230 sicut
403 2193 521 2229 Pater
557 2193 685 2239 gignit
720 2192 862 2228 Filium
901 2194 941 2228 et
978 2201 1033 2229 ex
1069 2191 1147 2228 illis
1186 2192 1344 2228 duobus
1383 2192 1569 2236 procedit
1612 2191 1782 2237 Spiritus

120 2252 305 2295 Sanctus,
331 2252 388 2288 ita
413 2260 529 2288 mens
555 2251 684 2298 gignit
699 2252 880 2295 ‚verbum
907 2251 947 2287 et
972 2251 1039 2287 illo
1064 2250 1273 2287 mediante
1301 2250 1428 2295 spirat
1452 2259 1645 2286 amorem.

259 2325 290 2359 1.
317 2323 379 2359 Ad
405 2323 609 2359 obiectum
634 2322 685 2358 de
712 2322 848 2358 anima
883 2321 1055 2367 primum
1094 2321 1309 2357 dicendum
1348 2321 1456 2365 quod
1494 2320 1783 2359 convenientia
1808 2324 1856 2361 D.
1872 2333 1911 2361 a.

67 2402 102 2426 35
120 2382 420 2419 univocationis
445 2382 574 2418 maior
600 2382 663 2418 est
688 2381 848 2417 animae
874 2381 926 2417 ad
952 2380 1143 2426 angelum
1169 2389 1289 2424 quam
1321 2380 1372 2415 ad
1407 2378 1553 2422 Deu1n;
1592 2380 1667 2416 sed
1701 2388 1784 2416 non

121 2441 411 2478 convenientia
436 2440 601 2482 ordinis,
640 2450 745 2485 quae
782 2439 1000 2485 requiritur
1036 2439 1142 2475 inter
1179 2438 1399 2484 imaginem
1435 2439 1476 2474 et
1509 2438 1783 2484 imaginatum,

121 2510 212 2537 cum
235 2500 371 2546 imago
392 2499 604 2536 ordinetur
622 2499 673 2535 ad
693 2498 1089 2544 repraesentandum
1108 2496 1382 2542 imaginatum.
1421 2496 1519 2532 Item
1539 2497 1675 2533 anima
1694 2497 1783 2542 plus

120 2560 229 2605 capit
252 2559 394 2601 Deum,
432 2568 554 2604 quem
592 2558 698 2603 capit
732 2567 807 2603 per
844 2557 1079 2598 essentiam,
1118 2565 1238 2601 quam
1264 2555 1466 2601 angelum,
1505 2565 1626 2600 quem
1654 2556 1783 2592 solum

122 2619 229 2665 capit
253 2628 328 2664 per
353 2618 668 2664 impressionem
696 2617 883 2662 aliquam.

69 2694 104 2720 40
261 2679 292 2714 2.
319 2678 381 2714 Ad
408 2677 632 2713 secundum
657 2676 873 2713 dicendum
900 2675 1008 2720 quod
1033 2674 1169 2711 anima
1194 2673 1296 2710 mori
1321 2683 1404 2709 non
1424 2674 1570 2718 potest,
1598 2674 1782 2719 quamvis

123 2737 256 2782 possit
294 2736 484 2773 deficere.
523 2735 675 2779 „Mors
715 2734 840 2776 enim,
877 2735 920 2770 ut
958 2733 1055 2770 dicit
1091 2732 1382 2777 Dionysius
1420 2732 1461 2768 in
1502 2733 1783 2769 Ecclesiastica

261 2847 281 2880 9
307 2845 387 2885 hoc]
413 2855 494 2878 cum
518 2846 586 2878 hoc
646 2844 778 2886 imago]
804 2844 998 2886 imaginem
1078 2843 1118 2875 11
1147 2842 1247 2881 coll]
1274 2842 1448 2874 corinthio
1523 2842 1564 2873 34
1590 2841 1783 2880 obiectum]

126 2900 162 2938 -ὶ-
192 2900 380 2933 dicendum

263 3010 275 3033 ¹
301 3012 444 3045 Scilicet
470 3020 503 3052 q.
529 3011 636 3044 XXIX
660 3011 688 3044 C
713 3012 750 3043 et
773 3009 866 3043 XXX
890 3010 928 3043 C.
1070 3008 1085 3031 2
1109 3009 1133 3041 1.
1159 3009 1241 3041 Joh.
1269 3008 1300 3046 3,
1327 3007 1357 3040 2.

262 3063 278 3086 3
301 3065 355 3104 III,
382 3064 493 3099 8—13
520 3062 589 3103 (PL
615 3065 667 3103 17,
695 3062 786 3103 460).

194 3130 308 3159 Beitr.
327 3131 397 3163 XIX,
412 3130 465 3164 5s6.
485 3130 701 3164 Hieronym.
722 3130 959 3164 Spettmann,
981 3128 1129 3156 «Iohannis
1144 3127 1285 3154 Pecliami
1300 3126 1506 3157 Quaestiones.
1650 3125 1690 3157 13
