2095 3459
300 202 364 236 104
802 198 975 230 ⁷iohannis
1004 196 1166 230 Pechanli
1194 195 1442 232 Quaestiones,

299 299 460 344 spiritus
487 298 560 334 sed
585 297 753 340 <etiam>
778 296 818 331 in
855 295 1047 339 quantum
1075 293 1247 338 vanima1¹
1297 290 1453 335 Accipit
1490 289 1607 328 enim,
1647 290 1687 324 ut
1725 287 1764 323 in
1802 296 1948 332 corpus

300 368 414 394 suum
444 356 641 393 refundat.

435 417 467 451 9.
494 415 556 451 Ad
581 424 731 450 nonum
763 412 1024 455 <dicendum>
1057 412 1164 455 quod
1198 419 1344 446 sensus
1379 408 1539 444 animae
1575 406 1749 443 miserae
1784 404 1951 450 impedit

300 473 681 519 contemplationem
727 471 954 507 intellectus
998 470 1162 515 propter
1212 466 1531 505 debilitationem
1573 465 1730 501 virtutis
1779 464 1950 504 animae,

300 535 463 579 propter
501 542 619 577 quam
657 530 824 567 retrahit
861 529 1036 565 animam
1073 538 1097 564 a
1135 538 1209 564 sua
1246 526 1484 572 operatione
1521 545 1566 549 —
1603 525 1645 560 ut
1680 526 1827 569 supra2
1852 522 1985 559 dixit5

299 592 598 637 Augustinus
624 613 678 629 —‚
704 590 797 625 ideo
823 589 987 633 propter
1021 587 1282 623 infectionem
1315 585 1508 630 corporis.
1558 584 1638 620 Sed
1664 583 1720 619 ita
1757 592 1838 618 non
1878 581 1952 617 erit

299 652 338 687 in
377 650 517 696 patria,
555 650 622 686 ubi
661 649 785 684 virtus
812 647 971 684 animae
999 646 1211 692 augebitur
1237 646 1278 681 et
1304 645 1466 681 cuilibet
1490 643 1698 688 potentiae
1726 642 1859 678 certus
1886 650 1952 676 na-

299 713 413 746 turae
440 719 539 745 suae
566 709 709 744 modus
736 707 994 752 praefigetur.
1038 705 1155 741 Unde
1175 703 1499 750 Augustinus,
1520 703 1548 738 I.
1568 702 1754 745 Retract„
1774 701 1827 736 10.
1843 703 1953 744 cap.³

302 769 395 812 „Hic
421 778 523 813 opus
549 768 672 803 habet
697 766 831 802 anima
857 765 1043 801 avertere
1071 773 1116 800 se
1143 773 1167 799 a
1193 762 1470 808 corporalibus
1507 761 1696 797 sensibus
1730 760 1781 796 ad
1813 758 1953 795 intelli-

299 828 435 874 gibilia
461 826 669 871 capienda,
708 825 801 870 quia
831 824 991 860 infirma
1023 824 1085 859 est
1117 824 1157 858 et
1183 822 1312 858 minus
1347 821 1496 857 idonea
1530 820 1710 864 utrisque
1746 819 1863 855 simul
1888 819 1955 855 ad·
1974 827 2006 852 10

301 888 440 923 hibere
468 885 745 922 intentionem.
794 883 841 919 Et
866 883 906 918 in
932 882 993 918 his
1020 881 1299 926 corporalibus
1325 890 1432 916 nunc
1457 879 1650 915 illecebra
1676 878 1862 914 cavenda
1881 879 1954 914 est⁷

302 945 491 992 quamdiu
528 944 663 980 anima
700 943 793 979 illici
830 942 881 978 ad
918 943 1075 986 turpem
1115 939 1427 977 delectationem
1465 939 1610 983 potest.
1671 937 1783 974 Tunc
1819 938 1955 973 autem

96 1012 157 1044 fol.
184 1011 282 1044 30vb
303 1005 464 1041 sincera
490 1003 565 1040 erit
590 1004 711 1048 atque
731 1004 743 1044 ΙΙ
761 1001 952 1047 perfecta,
990 1001 1032 1036 ut
1071 999 1248 1036 numeris
1287 998 1565 1043 corporalibus
1592 1007 1673 1033 non
1699 997 1907 1032 avertatur
1932 1005 1957 1032 a

303 1063 644 1108 contemplatione
672 1061 909 1106 sapientiae,
949 1060 989 1095 et
1023 1059 1078 1095 ita
1112 1058 1261 1095 sentiat
1288 1067 1371 1099 eos,
1410 1058 1452 1092 ut
1477 1066 1558 1092 non
1585 1056 1781 1092 alliciatur
1805 1056 1856 1092 ab
1884 1055 1955 1096 eis,

302 1133 378 1159 nec
404 1122 581 1158 carendo
609 1120 667 1157 eIs
691 1120 762 1156 fiat
789 1119 939 1155 melior.
991 1118 1069 1154 Sed
1095 1118 1151 1153 ita
1176 1117 1227 1153 sit
1252 1117 1360 1153 bona
1387 1117 1427 1152 et
1451 1117 1574 1157 recta,
1601 1116 1643 1151 ut
1669 1124 1746 1151 nec
1771 1114 1956 1150 illiciatur
1977 1120 2009 1146 15

302 1184 353 1219 ab
381 1182 439 1218 eis
466 1181 532 1217 vel
557 1181 684 1217 latere
710 1179 840 1224 possit
867 1188 956 1214 eam
983 1187 1060 1213 nec
1086 1178 1321 1221 occupare.“
1371 1175 1483 1211 Haec
1508 1174 1822 1220 Augustinus.

442 1241 495 1276 10.
522 1240 583 1276 Ad
610 1239 808 1275 decimum
835 1237 1050 1273 dicendum
1076 1236 1183 1280 quod
1210 1244 1356 1280 corpus
1383 1234 1499 1279 primi
1521 1234 1694 1270 hominis
1715 1243 1797 1269 non
1816 1242 1957 1279 aggra-

305 1301 425 1336 vabat
449 1308 595 1335 revera
619 1298 805 1334 animam.
855 1295 1101 1342 Aggravatio
1129 1295 1235 1331 enim
1261 1294 1356 1330 dicit
1391 1293 1698 1338 depressionem
1733 1292 1774 1329 in
1809 1293 1957 1328 statum

305 1358 539 1400 naturalem,
578 1366 681 1402 quae
719 1356 826 1392 facta
864 1356 927 1391 est
963 1364 1036 1399 per
1073 1354 1241 1399 culpam.
1303 1353 1382 1389 Sed
1421 1362 1502 1388 non
1540 1352 1799 1398 aggravabat,
1836 1351 1957 1394 <sed>

305 1418 459 1454 tantum
485 1417 708 1461 occupabat
733 1415 919 1451 animam.
1977 1415 2011 1440 20

442 1476 591 1512 Contra
628 1476 724 1516 hoc,
772 1473 879 1519 quod
916 1474 966 1509 de
1015 1471 1209 1517 spirituali
1256 1480 1426 1516 corpore
1471 1470 1683 1512 <obicitur‚
1722 1470 1959 1511 dicendum>

306 1535 497 1581 quoniam
523 1535 617 1570 dicit
635 1533 936 1579 Augustinus
962 1532 1003 1567 in
1014 1531 1230 1579 praedicta
1250 1530 1489 1566 auctoritate
1509 1530 1616 1575 quod
1636 1539 1714 1565 nec
1734 1529 1960 1573 occupabat

306 1605 383 1632 nec
409 1595 668 1640 aggravabat.
719 1592 859 1628 Stabat
884 1591 1002 1637 igitur
1028 1600 1116 1626 cum
1143 1590 1278 1626 anima
1302 1590 1397 1625 tunc
1432 1589 1472 1624 in
1506 1589 1595 1633 ipso
1628 1588 1748 1624 modo
1776 1588 1958 1629 naturali,

307 1664 385 1699 quo
413 1653 532 1689 modo
560 1654 623 1689 est
648 1654 793 1688 natura
819 1651 894 1687 sibi
921 1650 1058 1686 debita
1088 1649 1264 1685 inferior.
1315 1648 1395 1684 Sed
1430 1658 1511 1684 non
1547 1648 1713 1692 propter
1751 1648 1827 1683 hoc
1864 1647 1960 1692 apta

308 1714 394 1749 erat
419 1713 470 1750 ad
497 1710 820 1757 supernaturalia
846 1709 1044 1754 capienda
1070 1709 1110 1744 et
1130 1718 1210 1745 non
1231 1707 1437 1753 indigebat
1456 1707 1590 1743 aliena
1608 1706 1766 1746 ratione
1787 1716 1811 1742 a
1831 1705 1960 1742 sensi-
1978 1709 2012 1734 25

307 1774 381 1808 bus
408 1772 459 1808 ad
486 1771 622 1807 divina
647 1769 969 1814 contemplanda.

445 1830 585 1866 Cetera
604 1850 649 1853 -
668 1828 884 1873 responsio
905 1829 941 1863 et
959 1826 1114 1862 solutio
1144 1825 1396 1862 obiectorwn
1422 1826 1478 1861 (ια’
1503 1824 1789 1869 quaestionem
1809 1823 1895 1859 XII.
1915 1844 1961 1848 -

309 1890 608 1926 desiderantur.
657 1887 854 1932 Sequitur
878 1887 924 1922 in
949 1895 1022 1922 ms.
1049 1885 1246 1921 continuo
1273 1894 1381 1920 nova
1408 1884 1606 1929 quaestio.

449 2013 467 2043 5
494 2010 612 2052 quaml
650 2010 687 2048 ἢ»
723 2010 817 2042 dona
888 2008 1053 2048 animam]
1089 2009 1195 2041 aliam
1301 2009 1319 2040 7
1347 2007 1477 2046 certus]
1503 2007 1629 2039 tertius
1737 2007 1870 2039 15—16
1896 2007 1960 2039 illi-

312 2072 425 2104 ciatur
449 2071 494 2103 ab
520 2070 571 2103 eis
597 2069 667 2109 vel]
694 2069 839 2110 Migne
865 2068 1037 2101 ommittit
1118 2068 1159 2100 20
1186 2066 1335 2107 tantum]
1367 2050 1485 2100 taffien
1582 2067 1623 2098 23
1651 2065 1768 2104 modol
1796 2065 1833 2103 ἐ1»
1855 2066 1961 2098 modo

312 2125 353 2156 25
380 2123 568 2165 capienda]
598 2124 632 2160 4-
663 2124 794 2155 idonea

449 2242 459 2264 1
487 2243 556 2275 Cir.
583 2242 826 2279 Avicenna‚
868 2241 919 2273 VI.
951 2241 1035 2273 Nat.
1062 2241 1084 2278 Ι,
1113 2241 1151 2272 1;
1188 2240 1345 2278 „Nomen
1380 2239 1521 2271 animae
1556 2248 1602 2271 ex
1637 2239 1704 2270 hoc
1741 2238 1834 2278 quod
1869 2238 1962 2279 regit

313 2295 497 2336 corpora.“

448 2348 462 2370 2
487 2349 522 2381 P.
551 2349 592 2381 97
619 2348 648 2380 A
677 2349 693 2379 1
722 2349 757 2379 et
783 2348 812 2379 2.

448 2401 463 2423 3
487 2401 510 2441 Ι,
540 2402 578 2433 11
606 2400 676 2440 [PL
702 2401 754 2439 32,
782 2401 845 2433 601
876 2409 906 2432 n.
935 2399 985 2452 2);
1011 2400 1073 2432 cfr.
1102 2400 1123 2438 Ι,
1151 2400 1213 2438 26;
1240 2400 1283 2431 83
1311 2399 1469 2438 Quaest..
1497 2407 1530 2438 q.
1559 2398 1610 2430 12.
