2095 3459
812 178 985 215 Quaestio
1013 179 1050 211 ΙΙ.
1756 179 1798 213 21

108 277 172 313 est
192 275 405 312 materiale
424 275 491 311 vel
513 275 763 321 organicum.
802 275 849 311 Et
868 275 924 312 ita
950 286 1024 321 per
1051 286 1317 322 consequens
1340 278 1431 323 ipsa
1456 287 1552 315 esse
1575 288 1658 315 non
1680 279 1805 315 habet

108 335 346 382 organicum
359 337 383 371 1.

247 394 348 430 Item
374 394 454 431 alio
483 395 626 431 modo:
667 394 870 435 Quoniam
910 395 1118 431 obiectum
1156 396 1320 441 perficit
1358 397 1454 433 illud
1493 397 1608 433 cuius
1647 400 1721 438 est,
1763 400 1804 434 et

108 454 240 490 omnis
267 453 468 499 perfectio
496 454 561 490 est
586 454 899 499 proportionata
932 464 1007 490 suo
1044 454 1302 500 perfectibili‚
1344 456 1450 492 sicut
1484 456 1639 501 pupilla
1676 457 1804 493 colori

71 525 88 551 5
108 515 148 551 et
173 513 417 555 huiusmodi,
445 523 545 559 ergo
573 523 753 550 necesse
781 514 856 555 est,
883 515 925 550 ut
953 524 1044 550 cum
1065 514 1299 551 intellectus
1322 515 1562 561 perficiatur
1582 526 1607 552 a
1628 516 1803 553 veritate

107 573 334 610 secundum
368 573 572 609 rationem
608 573 939 618 incorruptibilis,
975 575 1084 619 quod
1117 574 1353 611 intellectus
1391 575 1444 611 sit
1482 576 1533 612 de
1561 585 1718 622 genere
1746 576 1804 612 in-

108 632 440 678 corruptibilium.

247 692 348 729 Item
375 692 560 737 sequitur
587 693 735 729 eadem
762 693 974 729 conclusio
1002 693 1082 743 alio
1110 694 1256 729 modo:
1297 693 1401 734 Quia
1434 704 1557 731 omne
1593 695 1803 740 recipIens

108 753 171 788 est
191 752 443 788 denudatum
463 761 488 788 a
507 751 786 797 recipiendo,2
809 752 914 788 sicut
934 752 1087 798 pupilla
1107 762 1191 788 non
1219 754 1284 789 est
1309 753 1457 799 aliquis
1486 754 1681 797 colorum,
1709 755 1805 800 quia

56 820 88 846 10
106 811 252 857 recipit
279 821 423 847 omnes
446 811 620 847 colores.
660 810 759 847 Cum
780 811 901 857 igitur
921 811 1058 848 anima
1077 811 1292 848 rationalis
1314 812 1366 848 sit
1385 813 1602 858 receptiva
1623 813 1803 849 omnium

107 871 328 907 formarum
367 870 638 907 materialium
673 871 1007 913 immaterialiter,
1057 872 1288 908 secundum
1333 873 1443 917 quod
1483 872 1713 918 spoliantur
1751 874 1802 910 ab

108 930 295 967 omnibus
318 930 623 966 conditIOnibus
645 930 944 967 materialitatis
967 931 1008 967 et
1029 931 1393 976 corruptibilitatis,
1417 931 1667 978 (cuiusmodi
1688 934 1802 969 sunt:

108 989 326 1035 quantitas,
347 989 412 1025 hic
434 990 475 1025 et
493 990 631 1035 nunc,)
649 999 830 1026 necesse
853 991 917 1026 est
937 990 1194 1027 intellectum
1213 1000 1358 1027 carere
1380 991 1493 1027 omni
1512 992 1803 1029 materialitate

106 1049 168 1086 rei
192 1049 443 1096 generabilis
472 1051 513 1086 et
539 1049 826 1095 corruptibilis.
853 1071 898 1075 ——
924 1049 1039 1086 Haec
1065 1059 1090 1086 a
1116 1050 1234 1095 parte
1263 1050 1428 1086 obiecti.

57 1140 89 1166 15
164 1132 408 1170 Secundo
435 1133 587 1178 patet
612 1132 997 1169 immortalitas
1026 1142 1089 1169 ex
1114 1132 1330 1169 ratione
1357 1133 1753 1171 intellectualis

762 1192 1145 1238 operationis-²³.

248 1263 386 1300 Virtus
402 1263 523 1306 enim,
542 1263 657 1300 cuius
674 1263 860 1309 operatio
876 1273 960 1300 non
975 1264 1187 1309 dependet
1200 1274 1226 1301 a
1241 1273 1429 1309 corpore,
1449 1274 1530 1301 nec
1543 1264 1635 1310 ipsa
1651 1265 1804 1310 depen-

109 1324 178 1360 det
197 1333 223 1360 a
243 1332 429 1368 corpore.
468 1323 616 1359 Anima
636 1324 775 1359 autem
794 1323 1049 1360 intellectiva
1068 1333 1153 1360 non
1172 1323 1363 1370 intelligit
1383 1324 1593 1361 mediante
1616 1334 1801 1370 corpore.

252 1382 369 1423 Quod
390 1384 516 1428 patet,
531 1383 626 1428 quia
645 1382 872 1419 reflectitur
891 1383 932 1419 in
954 1392 1000 1419 se
1021 1383 1129 1419 inter
1148 1383 1357 1428 potentias
1374 1383 1616 1429 cognitivas.
1643 1383 1803 1421 Nullum

57 1455 90 1480 20
109 1443 248 1479 autem
269 1442 485 1488 corporale
508 1452 707 1488 organum
729 1443 793 1479 est
813 1442 993 1479 medium
1014 1442 1122 1479 inter
1141 1442 1276 1488 ipsam
1297 1443 1339 1479 et
1362 1443 1651 1488 operationem
1675 1453 1803 1480 suam.

108 1502 210 1538 Item
235 1501 424 1548 intelligit
450 1512 496 1538 se
524 1501 767 1548 intelligere.
812 1502 913 1538 Item
939 1502 1127 1548 intelligit
1152 1512 1303 1547 corpus
1324 1502 1546 1548 proprium.
1592 1503 1674 1540 Sed
1695 1503 1803 1540 inter

111 1571 261 1607 corpus
287 1561 497 1607 proprium
530 1562 571 1597 et
604 1561 858 1598 intellectum
884 1571 968 1598 non
995 1562 1105 1598 cadit
1130 1561 1323 1603 medium,
1352 1562 1393 1598 et
1418 1562 1515 1598 ideo
1543 1572 1629 1599 non
1655 1563 1803 1608 recipit

110 1620 262 1666 aliquid
300 1630 546 1666 corporeum
578 1620 659 1656 nisi
691 1620 844 1657 factum
881 1621 1045 1666 penitus
1084 1621 1387 1666 incorporeum.
1437 1620 1545 1668 Ergo
1578 1622 1707 1658 virtus
1743 1622 1802 1658 in-

110 1680 299 1717 tellectus
338 1689 363 1717 a
399 1680 510 1717 nullo
550 1690 724 1726 corpore
760 1681 981 1726 dependet,
1021 1681 1062 1717 et
1093 1680 1151 1717 ita
1188 1690 1272 1717 non
1317 1681 1589 1726 corrumpitur
1625 1691 1799 1727 corpore

58 1751 91 1777 25
110 1740 302 1785 corrupto
313 1741 338 1776 ⁴.

252 1799 333 1836 Sed
361 1800 501 1836 manet
526 1800 570 1835 ut
595 1800 744 1845 postea
770 1799 976 1845 corrumpi
1000 1800 1152 1845 potest,
1179 1800 1223 1836 ut
1248 1799 1418 1845 patebit.
1467 1799 1587 1846 Ergo.

251 1859 525 1907 Respondeo:
579 1860 620 1896 et
663 1859 743 1896 hoc
785 1860 908 1896 modo
952 1859 1227 1896 ratiocinandi
1270 1859 1497 1896 innituntur
1545 1859 1801 1906 philosophi:

112 1919 445 1956 Aristoteles
482 1919 523 1955 et
550 1918 720 1955 Stoici
755 1920 831 1955 etc.
881 1918 1001 1955 Unde
1037 1918 1246 1955 Tullius
1282 1919 1342 1955 De
1373 1919 1622 1956 Tusculanis
1657 1929 1721 1965 qu.
1748 1919 1798 1956 1⁵.

113 1978 315 2022 „Mentem
340 1978 516 2015 hominis
542 1978 684 2024 ipsius,
723 1978 758 2014 si
790 1988 882 2015 eam
908 1988 992 2015 non
1018 1978 1176 2020 videas,
1208 1979 1349 2015 tamen
1375 1979 1419 2015 ut
1444 1978 1578 2015 Deum
1602 1979 1798 2025 agnoscis

59 2048 92 2074 30
112 2047 166 2074 ex
203 2037 397 2083 operibus
436 2037 536 2079 eius,
575 2038 634 2074 sic
674 2048 727 2074 ex
764 2038 963 2074 memoria
999 2047 1137 2074 rerum
1170 2039 1211 2074 et
1245 2038 1488 2074 inventione
1516 2039 1557 2074 et
1584 2038 1798 2075 celeritate

110 2098 244 2134 motus
272 2107 446 2143 cumque
472 2097 772 2143 pulchritudine
799 2097 959 2134 virtutis
986 2097 1069 2133 vim
1095 2097 1277 2134 divinam
1302 2097 1452 2134 mentis
1479 2095 1731 2144 agnoscit0.“

251 2156 455 2202 Amplius:
495 2155 612 2197 Quod
640 2156 771 2193 solum
798 2166 823 2193 a
849 2166 895 2193 se
922 2157 1122 2198 movetur,
1161 2153 1186 2193 a
1219 2166 1266 2193 se
1300 2157 1342 2193 et
1367 2157 1519 2202 patitur
1544 2156 1798 2193 naturaliter.

111 2216 258 2253 Anima
284 2216 416 2253 solum
441 2226 466 2253 a
493 2225 538 2252 se
565 2217 755 2252 movetur
791 2216 1019 2253 secundum
1056 2216 1230 2252 liberum
1268 2215 1490 2252 arbitrium.
1541 2215 1648 2262 Ergo
1687 2226 1712 2252 a
1752 2225 1797 2252 se

113 2276 202 2312 sola
226 2275 386 2321 patitur.
436 2275 484 2311 Et
517 2275 584 2318 ita,
621 2275 655 2311 si
687 2275 968 2321 corrumpitur,
1004 2285 1029 2312 a
1056 2285 1102 2312 se
1131 2275 1413 2321 corrumpitur.
1464 2275 1579 2312 Haec
1603 2276 1668 2312 est
1691 2275 1797 2311 ratio

61 2344 94 2370 35
111 2334 351 2372 Platonis
379 2335 420 2371 et
447 2334 688 2371 Socratis
714 2334 756 2371 in
781 2335 973 2371 Phaedro
1007 2335 1047 2371 et
1082 2334 1241 2371 Tullii
1267 2334 1327 2371 De
1359 2334 1608 2371 Tusculanis
1634 2335 1664 2370 1.
1692 2344 1728 2380 q.
1757 2335 1798 2370 et

112 2394 171 2431 De
194 2394 437 2439 Republica,
461 2393 524 2430 VI.
549 2393 642 2430 lib.6

252 2493 272 2525 3
299 2491 489 2532 Quoniam]
514 2493 574 2533 qui
658 2492 677 2525 9
704 2491 927 2533 recipiendo]
949 2492 1150 2533 recipiente
1237 2492 1279 2525 12
1301 2491 1397 2531 sunt]
1424 2491 1462 2530 -l—
1489 2493 1574 2525 sunt
1647 2491 1690 2524 22
1711 2490 1796 2531 non]

113 2547 196 2580 ante
267 2546 310 2579 29
336 2545 380 2585 si]
406 2546 472 2578 sed
553 2545 595 2578 30
615 2544 837 2585 inventione]
855 2545 1101 2578 inventionem
1174 2546 1217 2578 31
1243 2545 1330 2584 vim]
1353 2545 1428 2577 vini
1447 2543 1516 2584 (sic
1527 2543 1552 2584 Ι)
1627 2545 1671 2578 33
1698 2553 1721 2577 a
1743 2544 1797 2584 se]

114 2600 233 2641 agitur
314 2599 356 2632 35
381 2597 561 2638 Phaedro]
586 2596 709 2639 phidOs

254 2692 267 2716 ¹
293 2694 363 2727 Cir.
389 2694 539 2733 Arist,
577 2693 630 2726 De
654 2692 778 2725 Anim.
813 2693 836 2732 Ι,
864 2694 882 2725 1
923 2691 1025 2732 (text.
1061 2692 1102 2725 12
1130 2691 1225 2733 seq.)
1264 2692 1301 2724 et
1337 2692 1392 2731 111,
1420 2692 1439 2724 4
1478 2690 1583 2731 (text.
1612 2692 1632 2724 4
1659 2690 1796 2732 seqq.);

114 2747 358 2787 Avicenna‚
390 2746 444 2779 VI.
470 2747 556 2779 Nat.
581 2745 623 2786 V,
650 2745 681 2779 2.

252 2799 268 2822 2
292 2800 534 2839 Averroes,
560 2799 615 2832 ΙΠ,
641 2799 694 2832 De
719 2799 830 2832 Caelo
856 2800 890 2832 et
914 2798 1070 2836 Mundo,
1096 2799 1185 2831 text.
1213 2798 1275 2837 67;
1316 2798 1380 2831 cir.
1406 2798 1586 2836 Bonav.,
1616 2797 1672 2838 Op
1698 2806 1796 2830 omn.

114 2853 168 2893 ΙΠ,
196 2852 298 2886 3221’.
440 2852 456 2875 3
478 2853 656 2891 Bonav.‚
686 2852 752 2893 Op.
779 2861 878 2885 omn.
907 2852 946 2891 H,
974 2852 1039 2885 459
1058 2860 1081 2884 a
1105 2849 1140 2890 (7
1168 2851 1204 2884 et
1230 2849 1276 2890 8).

254 2905 270 2928 4
293 2907 422 2939 Totum
448 2906 698 2947 argumentum
722 2906 791 2938 hoc
817 2905 1010 2938 exhibetur
1036 2905 1082 2937 ab
1107 2904 1352 2943 Avicenna‚
1384 2904 1438 2936 VI.
1464 2903 1550 2936 Nat.
1577 2903 1618 2942 V,
1647 2903 1677 2936 2.

255 2958 270 2982 5
299 2959 401 2992 Tusc.
426 2959 530 2999 Disp.
555 2958 579 2997 I,
606 2959 661 2991 29.

254 3011 270 3034 6
296 3012 420 3045 Plato
439 3012 480 3045 in
494 3011 667 3044 Phaedro
680 3020 715 3052 p.
731 3011 797 3044 245
813 3011 915 3044 c—E
929 3009 1008 3051 (cfr.
1023 3009 1229 3048 Macrob.,
1245 3009 1373 3042 Somn.
1388 3007 1496 3050 Scip„
1513 3007 1601 3048 XIV,
1624 3009 1641 3041 1
1658 3006 1796 3049 seqq.);

119 3064 218 3104 Cic.,
249 3065 350 3098 Tusc.
375 3065 479 3105 Disp.
505 3064 529 3104 I,
557 3064 617 3104 23;
645 3064 745 3104 Cic.,
770 3065 823 3098 De
847 3064 1054 3106 Republica
1084 3063 1140 3103 VI,
1168 3063 1211 3096 25
1238 3063 1275 3096 et
1300 3062 1355 3096 26.
