2095 3459
115 1265 175 1297 fol.
197 1266 241 1298 35
249 1270 267 1287 r
279 1266 298 1297 b

327 194 392 229 162
833 194 855 227 J
857 195 1009 227 ohannis
1033 194 1202 227 Pechami
1228 194 1478 231 Quaestiones.

461 293 493 327 2.
519 292 617 327 Item
643 292 765 327 homo
792 292 970 327 meretur
996 291 1220 327 secundum
1247 300 1390 327 omnes
1418 299 1565 327 sensus
1590 299 1699 325 suos.
1748 286 1853 334 Ergo
1881 288 1921 324 et
1946 288 1986 323 in

325 352 511 387 omnibus
547 350 669 386 debet
703 350 930 395 praemiari.
982 349 1061 386 Sed
1097 350 1174 386 hoc
1209 360 1291 386 non
1326 351 1464 395 potest
1497 349 1667 394 intelligi
1703 348 1791 384 sine
1828 348 1986 383 actibus

323 420 526 447 sensuum.

461 471 493 506 3.
521 470 619 506 Item
655 469 822 514 quilibet
856 478 1004 505 sensus
1042 470 1105 504 est
1139 470 1190 505 de
1222 469 1454 515 integritate
1481 469 1651 504 naturae
1677 468 1892 504 humanae.
1941 467 1988 503 Et

322 530 377 566 ibi
419 530 607 575 resurget
650 530 795 565 natura
837 529 1014 564 humana
1051 528 1210 574 integra
1253 529 1293 564 et
1330 527 1512 573 perfecta
1555 527 1779 563 secundum
1824 537 1987 563 omnem
2007 531 2023 556 5

324 599 501 625 sensum.
550 588 666 634 Ergo.

1065 652 1244 692 Contra.

462 733 492 767 1.
519 730 618 766 Cum
656 730 839 776 potentia
876 730 1109 775 perficiatur
1146 739 1220 775 per
1254 731 1399 771 actum,
1437 729 1605 775 quilibet
1642 738 1791 765 sensus
1828 729 1988 765 videtur

324 800 419 826 esse
445 790 611 835 propter
636 789 947 834 acquisitionem
974 789 1172 825 scientiae
1200 790 1240 825 et
1265 789 1305 825 in
1337 789 1563 825 remedium
1594 788 1855 834 indigentiae.
1906 788 1987 824 Sed

322 849 377 885 ibi
402 850 523 885 homo
550 849 774 884 secundum
800 848 1048 884 intellectum
1074 848 1241 884 habebit
1265 847 1561 893 perfectionem
1582 847 1779 883 scientiae
1798 848 1839 883 et
1857 856 1987 883 reme-
2008 854 2040 879 10

323 908 430 944 dium
457 908 588 944 omnis
615 907 865 952 indigentiae
891 908 1106 943 humanae.
1155 907 1259 953 Ergo
1287 906 1511 952 superfluet
1535 906 1591 943 ibi
1617 916 1778 942 sensus.

461 968 492 1003 2.
519 967 617 1003 Item
644 966 733 1011 plus
760 967 896 1011 potest
921 966 1152 1002 intellectus
1189 975 1312 1011 super
1347 975 1514 1002 sensum
1549 966 1590 1001 in
1625 966 1770 1001 natura
1803 965 1986 1010 perfecte

323 1036 424 1062 sana
450 1036 570 1071 quam
597 1026 764 1062 econtra
790 1035 938 1061 sensus
966 1034 1089 1070 super
1115 1025 1362 1061 intellectum
1388 1025 1427 1061 in
1454 1025 1599 1061 natura
1625 1025 1824 1069 corrupta.
1869 1023 1986 1065 Quod

322 1086 444 1130 patet,
479 1085 573 1130 quia
598 1085 639 1120 in
665 1086 810 1121 natura
835 1084 1017 1130 perfecte
1052 1094 1154 1120 sana
1181 1094 1328 1120 sensus
1355 1084 1516 1129 penitus
1544 1083 1739 1120 subicitur
1764 1083 1986 1119 intellectui

323 1146 363 1181 et
388 1145 429 1180 in
455 1145 599 1180 natura
630 1145 821 1189 corrupta
854 1144 1085 1180 intellectus
1121 1153 1204 1179 non
1238 1143 1360 1188 plene
1396 1143 1590 1179 subicitur
1624 1142 1775 1179 sensui.
1830 1142 1909 1179 Sed
1945 1142 1986 1178 in
2007 1148 2039 1173 15

322 1205 428 1240 statu
454 1204 625 1239 naturae
651 1204 867 1247 corruptae
893 1202 1057 1239 intensa
1090 1202 1307 1239 delectatio
1341 1203 1565 1239 secundum
1602 1212 1771 1238 sensum
1807 1201 1987 1238 excludit

327 1266 339 1305 ΙΙ
359 1272 521 1299 omnem
547 1261 861 1298 delectationem
888 1261 1112 1297 secundum
1140 1261 1389 1297 intellectum
1420 1270 1493 1306 pro
1531 1260 1598 1297 illo
1636 1262 1832 1305 tempore,
1871 1260 1914 1297 ut
1945 1260 1986 1296 in

322 1321 538 1358 concubitu
582 1321 727 1357 carnis.
789 1320 894 1366 Ergo
933 1320 1056 1356 multo
1095 1319 1237 1356 fortius
1273 1320 1494 1357 delectatio
1533 1319 1717 1365 perfecta
1760 1320 1985 1356 secundum

320 1381 568 1417 intellectum
605 1380 645 1416 in
684 1381 829 1416 natura
860 1379 1066 1424 <perfecte
1093 1382 1218 1420 sana>
1253 1379 1433 1415 excludit
1470 1388 1632 1415 omnem
1671 1378 1984 1414 delectationem

321 1440 545 1476 secundum
571 1448 749 1475 sensum.
800 1438 904 1484 Ergo
929 1438 1081 1474 frustra
1106 1438 1161 1474 iffi
1187 1439 1300 1474 esset
1326 1448 1474 1474 sensus
1500 1438 1541 1474 in
1567 1438 1671 1474 actu.
2004 1441 2039 1466 20

458 1502 489 1533 3.
515 1498 615 1534 Item
641 1498 804 1543 quando
831 1497 966 1534 anima
992 1498 1055 1533 est
1080 1497 1237 1533 intenta
1256 1497 1364 1533 actui
1383 1497 1502 1533 unius
1523 1497 1744 1542 potentiae,
1770 1497 1985 1542 impeditur

319 1558 360 1593 in
380 1557 460 1593 alio
472 1559 495 1593 1.
533 1557 614 1593 Sed
634 1557 689 1592 ibi
709 1556 785 1593 erit
810 1556 967 1592 intenta
992 1556 1033 1592 in
1060 1556 1448 1601 contemplationem
1474 1556 1698 1592 secundum
1724 1555 1983 1592 intellectum.

319 1615 423 1662 Ergo
451 1617 525 1652 etc.

457 1676 489 1710 4.
515 1674 614 1710 Item
640 1675 869 1711 ostenditur
893 1674 1000 1710 idem
1022 1675 1072 1710 de
1093 1674 1184 1710 visu
1210 1674 1451 1720 specialiter,
1479 1674 1573 1719 quia
1598 1673 1633 1709 si
1655 1674 1713 1710 ibi
1739 1674 1852 1710 esset
1870 1673 1983 1709 visus

319 1733 358 1768 in
385 1734 488 1774 actu,
526 1735 669 1778 posset
693 1733 748 1769 ibi
775 1743 870 1769 esse
897 1743 1011 1769 error
1045 1734 1086 1769 in
1112 1733 1202 1769 visu
1236 1743 1309 1779 per
1340 1733 1497 1770 radium
1527 1733 1745 1776 reflexum;
1784 1734 1826 1768 ut
1861 1733 1895 1769 si
1927 1733 1983 1768 in-
2002 1740 2036 1765 ‘25

320 1792 496 1836 spiceret
517 1792 725 1837 speculum
747 1802 972 1829 concavum
991 1793 1259 1838 sphaericum,
1280 1793 1388 1838 quod
1409 1792 1542 1828 reddit
1562 1793 1752 1837 quattuor
1771 1792 1983 1837 imagines,

319 1851 461 1895 posset
487 1851 541 1887 ibi
567 1861 690 1887 unum
717 1852 906 1896 quattuor
931 1861 1144 1897 apparere.

455 1911 488 1945 5.
514 1909 613 1946 Item
638 1910 678 1946 in
700 1911 867 1955 speculo
889 1911 1010 1955 plano
1031 1912 1174 1955 posset
1195 1910 1233 1947 ei
1251 1920 1319 1947 res
1339 1920 1539 1956 apparere
1560 1919 1719 1951 eversa,
1746 1910 1840 1955 quia
1861 1919 1984 1955 appa-

318 1969 426 2003 reret
452 1968 490 2003 ei
516 1968 619 2004 sicut
643 1969 762 2005 nobis
789 1969 829 2005 in
856 1979 1056 2005 concursu
1083 1969 1185 2006 radii
1211 1979 1302 2006 cum
1328 1970 1502 2006 catheto.

455 2028 487 2063 6.
513 2027 612 2063 Item
637 2037 710 2072 per
735 2028 873 2064 radios
898 2028 1051 2064 fractos
1077 2029 1220 2073 posset
1246 2038 1342 2064 esse
1370 2029 1553 2064 similiter
1580 2037 1695 2064 error
1719 2037 1792 2072 per
1817 2028 1982 2064 diversa
2002 2039 2035 2064 30

318 2086 531 2130 diaphana‚
558 2086 749 2131 quoniam
776 2087 879 2123 sicut
904 2087 1158 2132 impossibile
1185 2088 1247 2123 est
1271 2087 1428 2123 radium
1454 2097 1537 2123 non
1566 2086 1724 2123 reflecti
1752 2087 1803 2123 ad
1832 2096 1981 2131 eorpus

318 2144 496 2189 politum,
522 2145 578 2181 ita
602 2145 853 2190 impossibile
880 2146 944 2182 est
968 2156 1051 2182 non
1077 2145 1236 2182 reflecti
1260 2147 1312 2182 ad
1339 2146 1545 2182 diversum
1572 2145 1828 2190 diaphanum,
1858 2155 1982 2190 super

318 2203 426 2248 quod
451 2213 534 2239 non
562 2204 625 2240 est
649 2204 1010 2249 perpendicularis.

456 2263 488 2298 7.
514 2262 613 2298 Item
645 2263 874 2299 ostenditur
906 2264 957 2300 de
992 2263 1141 2306 auditu,
1180 2264 1283 2309 quia,
1322 2264 1391 2300 ubi
1425 2274 1507 2300 non
1544 2264 1607 2299 est
1633 2273 1772 2305 sonus,
1809 2273 1891 2299 non
1917 2264 1982 2299 est

318 2321 498 2365 auditus;
537 2322 605 2358 ubi
630 2323 766 2358 autem
792 2332 875 2359 non
902 2323 966 2359 est
990 2323 1072 2365 aer,
1110 2333 1193 2359 non
1221 2324 1281 2359 est
1307 2333 1445 2359 sonus.
1496 2322 1576 2359 Sed
1611 2323 1665 2359 ibi
1700 2332 1783 2358 non
1809 2323 1873 2358 est
1897 2323 1979 2358 aer.
2000 2332 2034 2358 35

317 2379 422 2425 Ergo
449 2380 524 2416 etc.

455 2439 487 2474 8.
513 2438 611 2475 Item
638 2449 764 2475 sonus
791 2441 1012 2485 generatur
1038 2450 1128 2476 cum
1154 2441 1343 2477 tremore.
1394 2440 1475 2477 Sed
1512 2441 1566 2476 ibi
1604 2450 1687 2476 non
1721 2441 1858 2485 potest
1884 2449 1978 2475 esse

317 2498 478 2538 tremor,
506 2497 600 2542 quia
625 2507 702 2534 nec
727 2498 944 2535 rarefactio
973 2501 1013 2535 et
1039 2500 1319 2536 condensatio.
1368 2499 1472 2545 Ergo
1499 2509 1577 2535 nec
1604 2509 1741 2535 sonus.

455 2557 487 2591 9.
514 2556 612 2592 Item
640 2557 674 2592 si
699 2557 754 2593 ibi
780 2559 892 2593 esset
918 2567 1054 2600 sonus,
1081 2567 1255 2603 quaero:
1305 2558 1427 2594 Cuius
1453 2559 1617 2604 linguae
1628 2557 1648 2593 ἵ)
1698 2557 1786 2598 Qua
1819 2557 1978 2593 ratione

318 2614 447 2656 unius,
475 2616 514 2650 et
540 2615 717 2651 alterius.
768 2616 842 2652 Vel
869 2616 903 2652 si
928 2627 1010 2653 non
1038 2617 1169 2659 unius,
1196 2627 1273 2653 nec
1298 2617 1475 2653 alterius.
1998 2625 2031 2651 40

457 2674 510 2709 10.
536 2674 634 2710 Item
661 2675 889 2711 ostenditur
914 2676 965 2711 de
990 2676 1122 2721 gustu,
1161 2677 1254 2720 quia
1288 2677 1430 2721 gustus
1466 2676 1674 2712 ordinatur
1699 2676 1749 2711 ad
1776 2675 1978 2711 restaura-

457 2830 475 2861 7
514 2829 658 2869 Contra]
696 2831 931 2863 desideratur
1040 2833 1081 2864 15
1118 2831 1301 2872 corrupta]
1342 2831 1377 2869 ψ
1420 2841 1549 2864 sensus
1631 2830 1714 2870 non]
1756 2831 1791 2868 ΑΓ
1834 2831 1976 2871 penitus

318 2881 360 2913 24
385 2881 492 2921 idem]
517 2883 565 2915 ibi
661 2884 701 2915 31
730 2884 922 2924 diaphona.
949 2884 993 2917 Et
1017 2885 1070 2917 sie
1094 2894 1238 2926 semper
1333 2885 1376 2917 40
1401 2884 1480 2924 nec]
1507 2885 1564 2917 vel

455 2975 467 2997 1
494 2976 563 3008 Cfr.
590 2977 831 3017 Avicenna,
857 2978 910 3010 De
929 2978 1069 3010 Anima
1093 2978 1133 3017 V,
1156 2979 1186 3018 7,
1212 2979 1272 3010 ubi
1297 2979 1382 3011 dicit
1406 2988 1512 3010 unam
1539 2979 1735 3019 potentIam
1762 2978 1916 3018 positam
1940 2978 1976 3009 in

318 3029 398 3060 actu
424 3029 597 3069 impedire
624 3029 730 3062 aliam
755 3031 946 3070 ipsamque
971 3031 1156 3063 retrahere
1183 3040 1205 3063 a
1229 3040 1295 3063 sua
1321 3031 1542 3071 operatione.
