2095 3459
360 206 431 244 XX
875 210 1052 245 Johannis
1079 210 1247 245 Pechami
1272 210 1522 249 Quaestiones.

362 314 539 364 scriptis
585 325 617 353 s.
664 314 1078 354 Bonaventurae
1123 314 1323 364 apprime
1366 316 1519 354 notum
1562 316 1790 355 auctorem
1832 317 2032 356 nostrum

362 390 567 430 docuisse
601 390 905 441 cognovimus,
950 392 1175 430 tenentem
1216 391 1384 430 scilicet
1425 402 1599 431 omnem
1631 391 1938 432 certitudinem
1969 392 2032 432 in-

359 467 648 507 dubitabilem
692 467 872 507 fundari
919 467 963 507 in
1012 467 1283 507 »rationibus
1315 468 1533 507 aeternis«
1582 478 1661 507 seu
1705 467 1815 507 ideis
1860 468 2030 508 divinis.

356 542 498 582 Huius
531 543 781 583 Pechami
818 543 1210 592 »Augustinismi«
1261 544 1349 583 alia
1393 528 1582 593 denique
1626 545 1889 594 argumenta
1919 546 2031 584 attu-

357 620 504 658 lerunt
548 620 600 658 cl.
644 619 689 658 P.
733 619 1070 670 Augustinus
1112 619 1356 668 DanieIS‚
1392 619 1578 668 O.S.B.‚
1623 621 1667 660 et
1710 620 1810 659 Fel.
1845 620 2029 660 Το000.

358 695 555 740 Quorum
595 696 709 735 alter
747 696 1078 745 inquisitionem
1122 696 1346 746 quandam
1389 696 1632 746 publicavit
1676 696 1779 736 dicti
1822 697 2029 745 auctoris,

357 782 445 821 qua
469 772 817 812 famosissimum
843 773 953 813 illud
974 774 1283 823 argumentum
1304 772 1714 821 Anselmianum‚
1743 772 1861 822 quod
1885 773 2031 812 minus

355 850 478 887 recte
511 848 813 899 ontologicum
846 850 1021 897 vocant,
1056 848 1144 888 vim
1177 849 1572 888 demonstrativam
1603 849 1772 888 habere
1804 850 1847 888 et
1879 849 2030 889 valere

357 924 487 973 dixit;
532 926 644 965 alter
677 936 785 965 vero
820 926 1040 975 quaedam
1073 936 1130 965 ex
1161 925 1408 965 Pechami
1440 924 1620 975 Scripto
1651 935 1791 975 super
1819 924 2031 964 Ethicam

356 1001 505 1046 edidit,
547 1012 662 1051 quae
696 1001 875 1041 omnino
909 1001 1108 1051 episcopi
1139 1001 1499 1051 Hipponensis
1531 1001 1777 1041 doctrinam
1814 1001 2028 1041 redolent.

495 1077 706 1117 Attamen
751 1089 851 1117 cum
896 1078 1009 1118 haec
1055 1077 1203 1117 omnia
1246 1077 1303 1117 ad
1348 1077 1731 1117 determinandum
1780 1077 2030 1117 Iohannis

353 1153 603 1194 Pechami
635 1154 749 1194 inter
783 1154 989 1193 doctores
1022 1153 1314 1193 scholasticos
1340 1154 1489 1193 locum¹
1512 1164 1602 1193 non
1628 1153 1866 1203 sufficiant,
1899 1153 1929 1192 ii
1956 1153 2028 1203 qui

354 1230 398 1270 in
430 1231 618 1270 historia
649 1231 961 1281 philosophiae
994 1231 1120 1270 istius
1153 1230 1312 1270 aetatis
1344 1231 1593 1279 versantur,
1626 1229 1768 1280 magis
1799 1229 2029 1280 magisque

354 1307 610 1347 desiderant
643 1308 739 1346 fore
771 1309 819 1346 ut
851 1307 1031 1347 tandem
1064 1306 1304 1356 aliquando
1337 1306 1433 1346 eius
1465 1306 1632 1356 scripta
1672 1306 1715 1345 in
1753 1306 1899 1346 lucem
1930 1316 2029 1356 pro-

356 1384 502 1430 deant,
536 1383 670 1433 idque
703 1394 756 1423 eo
790 1383 1099 1423 vehementius
1145 1394 1231 1433 quo
1275 1382 1488 1423 maiorem
1534 1383 1587 1422 de
1630 1382 2029 1422 Aristotelismo

352 1462 458 1499 tunc
489 1459 788 1500 reviviscente
822 1460 875 1500 de
909 1460 1094 1509 eiusque
1122 1462 1164 1499 et
1191 1459 1438 1499 fautoribus
1464 1460 1508 1498 et
1534 1458 1804 1498 adversariis
1829 1458 2029 1498 notitiam

351 1536 475 1576 hisce
510 1536 667 1576 diebus
708 1536 1008 1586 adipiscimur.
1073 1536 1152 1576 Cui
1197 1535 1429 1584 desiderio,
1474 1546 1530 1575 ne
1577 1534 1720 1575 dicam
1758 1534 2027 1584 necessitati,

354 1613 714 1653 obsecundantes
754 1635 812 1638 —
854 1624 1123 1662 quamquam
1166 1612 1477 1652 difficultatum
1517 1611 1637 1651 haud
1677 1610 1821 1661 ignari
1861 1633 1914 1638 —
1952 1610 2028 1650 Ιο-

352 1689 541 1729 hannis
573 1689 838 1736 Pechami‚
885 1689 1035 1729 fratris
1079 1688 1232 1737 nostri,
1278 1688 1544 1738 scriptorum
1588 1697 1703 1737 quae
1748 1686 1804 1726 ad
1836 1686 2027 1736 philoso-

351 1764 501 1814 phiam
535 1767 751 1814 spectant,
796 1765 1033 1805 editionem
1077 1765 1323 1814 parandam
1365 1762 1642 1813 suscepimus
1679 1763 1935 1813 primosque
1966 1764 2027 1802 la-

350 1841 472 1881 boris
492 1841 633 1880 nostri
653 1852 743 1881 non
767 1841 918 1891 exigui
944 1841 1115 1880 fructus
1141 1842 1225 1880 1100
1253 1839 1563 1890 quaestionum
1589 1838 1803 1879 fasciculo
1830 1839 2027 1878 virorum

351 1918 586 1961 doctorum
610 1917 952 1958 benevolentiae
973 1917 1275 1967 proponimus.
1304 1916 1501 1962 Quarum
1527 1914 1835 1965 quaestionum
1862 1915 2025 1965 triplex

323 2028 329 2034 .
351 1996 417 2034 est
450 1994 628 2034 classis:

493 2070 535 2119 1)
568 2072 632 2111 De
663 2071 840 2119 anima,

492 2146 535 2196 2)
569 2148 633 2187 De
667 2148 953 2188 beatitudine
984 2147 1190 2197 corporis
1222 2148 1263 2187 et
1295 2147 1495 2193 animae,

492 2216 535 2266 3)
570 2218 768 2258 Selectae
811 2229 862 2258 ex
904 2218 1236 2258 commentario
1283 2218 1334 2257 i‘n
1380 2217 1552 2257 librum
1597 2220 1809 2270 primum
1851 2221 2024 2259 senten-

353 2294 543 2333 tiarum.
596 2294 721 2340 Quae
754 2294 956 2345 singulae
989 2294 1032 2334 in
1066 2293 1253 2334 diversis
1285 2293 1511 2333 codicibus
1542 2295 1825 2345 reperiuntur
1847 2296 2021 2336 iamiam

351 2370 669 2410 describendis.

1157 2461 1212 2502 II.

492 2559 545 2597 A.
585 2558 883 2607 Quaestiones
903 2559 957 2598 de
977 2558 1141 2598 anima
1161 2558 1441 2598 continentur
1462 2558 1556 2598 sine
1580 2560 1664 2599 hoc
1690 2559 1816 2599 titulo
1843 2571 1870 2599 a
1895 2560 2021 2599 nobis

351 2621 560 2685 praefixo*
589 2635 634 2674 in
667 2635 819 2675 codice
857 2646 936 2674 ms.
976 2634 1271 2674 bibliothecae
1314 2635 1614 2675 Nationalis
1655 2635 2019 2682 Florentinae,

352 2712 426 2760 qui
458 2711 633 2762 signum
664 2712 819 2751 habet:
857 2710 1077 2751 Conventa·
1107 2710 1336 2761 soppressi
1367 2711 1406 2750 J.
1428 2711 1462 2750 I.
1487 2706 1553 2751 3¹.
1614 2710 1695 2750 Hic
1728 2712 1871 2752 codex
1904 2711 2018 2756 olim,

351 2787 553 2838 signatus
584 2798 771 2827 numero
805 2787 901 2835 458,
945 2787 1001 2827 ad
1039 2788 1304 2827 conventum
1345 2797 1379 2826 s.
1412 2787 1558 2826 Marci
1589 2787 1774 2827 fratrum
1806 2787 2019 2827 Praedi—

352 2865 590 2903 catorum
623 2862 886 2913 pertinebat.
948 2863 1025 2903 Est
1056 2864 1434 2911 membranaceus,
1474 2862 1588 2902 binis
1621 2862 1836 2903 columnis
1868 2874 1921 2903 ac
1953 2863 2018 2902 lit-

490 2966 503 2988 1
529 2967 581 2998 De
608 2967 676 2999 1100
702 2967 826 2999 codice
852 2967 924 2999 iam
950 2967 1145 3000 editoribus
1173 2966 1523 3003 Quaracchianis
1549 2967 1634 2999 noto
1666 2964 1743 3006 (cfr.
1772 2965 1822 2997 De
1847 2965 2018 2998 hnmanae

352 3019 558 3058 coym'tionis
594 3019 729 3050 ratione
763 3019 928 3050 (merdota
962 3019 1141 3060 quaedam.
1192 3019 1246 3050 Ad
1282 3018 1407 3051 Claras
1438 3018 1563 3058 Aquas
1598 3018 1686 3051 1883
1722 3028 1755 3059 p.
1782 3017 1873 3057 XVI)
1907 3018 2018 3051 refert

351 3072 508 3110 ΓΓο000,
536 3072 556 3103 l.
585 3080 613 3103 c.
642 3070 731 3111 (scil.
758 3072 794 3104 in
822 3072 977 3104 editione
1002 3070 1168 3113 Anglica)
1197 3080 1230 3111 p.
1258 3071 1299 3103 99
1321 3079 1347 3103 s.
