<?xml version="1.0" encoding="UTF-8"?>
<!DOCTYPE html PUBLIC "-//W3C//DTD XHTML 1.0 Transitional//EN"
    "http://www.w3.org/TR/xhtml1/DTD/xhtml1-transitional.dtd">
<html xmlns="http://www.w3.org/1999/xhtml" xml:lang="en" lang="en">
 <head>
  <title>
</title>
<meta http-equiv="Content-Type" content="text/html;charset=utf-8" />
  <meta name='ocr-system' content='tesseract 3.04.00' />
  <meta name='ocr-capabilities' content='ocr_page ocr_carea ocr_par ocr_line ocrx_word'/>
</head>
<body>
  <div class='ocr_page' id='page_1' title='image "./johannispechamiq00peck/johannispechamiq00peck_0060.png"; bbox 0 0 2095 3459; ppageno 0'>
   <div class='ocr_carea' id='block_1_1' title="bbox 333 191 1486 235">
    <p class='ocr_par' dir='ltr' id='par_1_1' title="bbox 333 191 1486 235">
     <span class='ocr_line' id='line_1_1' title="bbox 333 191 1486 235; baseline -0.004 -1"><span class='ocrx_word' id='word_1_1' title='bbox 333 201 375 234; x_wconf 79' lang='grc'>16</span> <span class='ocrx_word' id='word_1_2' title='bbox 842 200 1017 232; x_wconf 80' lang='lat' dir='ltr'>Johanuis</span> <span class='ocrx_word' id='word_1_3' title='bbox 1045 199 1208 231; x_wconf 81' lang='lat' dir='ltr'>Pechami</span> <span class='ocrx_word' id='word_1_4' title='bbox 1237 191 1486 235; x_wconf 77' lang='lat' dir='ltr'>Quaestiones.</span> 
     </span>
    </p>
   </div>
   <div class='ocr_carea' id='block_1_2' title="bbox 326 293 1995 517">
    <p class='ocr_par' dir='ltr' id='par_1_2' title="bbox 326 293 1995 517">
     <span class='ocr_line' id='line_1_2' title="bbox 469 293 1995 341; baseline -0.003 -8"><span class='ocrx_word' id='word_1_5' title='bbox 469 298 522 333; x_wconf 83' lang='lat'>25.</span> <span class='ocrx_word' id='word_1_6' title='bbox 550 297 649 333; x_wconf 93' lang='lat' dir='ltr'>Item</span> <span class='ocrx_word' id='word_1_7' title='bbox 676 297 898 332; x_wconf 90' lang='lat' dir='ltr'>secundum</span> <span class='ocrx_word' id='word_1_8' title='bbox 928 295 1277 341; x_wconf 84' lang='lat' dir='ltr'>Augustinum</span> <span class='ocrx_word' id='word_1_9' title='bbox 1304 295 1362 331; x_wconf 84' lang='lat' dir='ltr'>De</span> <span class='ocrx_word' id='word_1_10' title='bbox 1386 295 1484 332; x_wconf 75' lang='lat' dir='ltr'>Fide</span> <span class='ocrx_word' id='word_1_11' title='bbox 1509 294 1566 330; x_wconf 75' lang='lat' dir='ltr'>ad</span> <span class='ocrx_word' id='word_1_12' title='bbox 1590 294 1800 330; x_wconf 76' lang='lat' dir='ltr'>Petrum1:</span> <span class='ocrx_word' id='word_1_13' title='bbox 1830 293 1995 337; x_wconf 86' lang='lat' dir='ltr'>„Anima</span> 
     </span>
     <span class='ocr_line' id='line_1_3' title="bbox 328 352 1995 400; baseline -0.002 -8"><span class='ocrx_word' id='word_1_14' title='bbox 328 358 391 393; x_wconf 89' lang='lat' dir='ltr'>est</span> <span class='ocrx_word' id='word_1_15' title='bbox 417 355 672 397; x_wconf 77' lang='lat' dir='ltr'>defectibilis,</span> <span class='ocrx_word' id='word_1_16' title='bbox 709 355 803 400; x_wconf 91' lang='lat' dir='ltr'>quia</span> <span class='ocrx_word' id='word_1_17' title='bbox 839 365 892 391; x_wconf 81' lang='lat' dir='ltr'>ex</span> <span class='ocrx_word' id='word_1_18' title='bbox 929 355 1087 390; x_wconf 89' lang='lat' dir='ltr'>nihilo.“</span> <span class='ocrx_word' id='word_1_19' title='bbox 1138 353 1242 400; x_wconf 83' lang='lat' dir='ltr'>Ergo</span> <span class='ocrx_word' id='word_1_20' title='bbox 1271 355 1312 390; x_wconf 92' lang='lat' dir='ltr'>et</span> <span class='ocrx_word' id='word_1_21' title='bbox 1337 353 1530 390; x_wconf 88' lang='lat' dir='ltr'>mortalis.</span> <span class='ocrx_word' id='word_1_22' title='bbox 1580 352 1882 398; x_wconf 82' lang='lat' dir='ltr'>Consequentia</span> <span class='ocrx_word' id='word_1_23' title='bbox 1907 362 1995 397; x_wconf 91' lang='lat' dir='ltr'>pro-</span> 
     </span>
     <span class='ocr_line' id='line_1_4' title="bbox 326 411 1994 458; baseline -0.002 -7"><span class='ocrx_word' id='word_1_24' title='bbox 326 416 462 451; x_wconf 88' lang='lat' dir='ltr'>batur:</span> <span class='ocrx_word' id='word_1_25' title='bbox 502 414 604 455; x_wconf 83' lang='lat' dir='ltr'>Quia</span> <span class='ocrx_word' id='word_1_26' title='bbox 632 424 753 450; x_wconf 90' lang='lat' dir='ltr'>omne</span> <span class='ocrx_word' id='word_1_27' title='bbox 779 413 1056 450; x_wconf 89' lang='lat' dir='ltr'>indefectibile</span> <span class='ocrx_word' id='word_1_28' title='bbox 1084 414 1147 449; x_wconf 83' lang='lat' dir='ltr'>est</span> <span class='ocrx_word' id='word_1_29' title='bbox 1171 413 1411 449; x_wconf 84' lang='lat' dir='ltr'>immortale.</span> <span class='ocrx_word' id='word_1_30' title='bbox 1460 412 1564 458; x_wconf 88' lang='lat' dir='ltr'>Ergo</span> <span class='ocrx_word' id='word_1_31' title='bbox 1604 422 1725 448; x_wconf 89' lang='lat' dir='ltr'>omne</span> <span class='ocrx_word' id='word_1_32' title='bbox 1763 411 1994 448; x_wconf 79' lang='lat' dir='ltr'>defectibile</span> 
     </span>
     <span class='ocr_line' id='line_1_5' title="bbox 328 470 1994 517; baseline -0.003 -7"><span class='ocrx_word' id='word_1_33' title='bbox 328 476 390 510; x_wconf 88' lang='lat' dir='ltr'>est</span> <span class='ocrx_word' id='word_1_34' title='bbox 416 474 598 510; x_wconf 81' lang='lat' dir='ltr'>mortale.</span> <span class='ocrx_word' id='word_1_35' title='bbox 626 494 670 497; x_wconf 84' lang='lat'>—</span> <span class='ocrx_word' id='word_1_36' title='bbox 697 473 795 509; x_wconf 87' lang='lat' dir='ltr'>Item</span> <span class='ocrx_word' id='word_1_37' title='bbox 822 473 1030 509; x_wconf 90' lang='lat' dir='ltr'>destructo</span> <span class='ocrx_word' id='word_1_38' title='bbox 1058 472 1260 517; x_wconf 85' lang='lat' dir='ltr'>superiori</span> <span class='ocrx_word' id='word_1_39' title='bbox 1286 472 1506 508; x_wconf 84' lang='lat' dir='ltr'>destruitur</span> <span class='ocrx_word' id='word_1_40' title='bbox 1525 471 1693 507; x_wconf 89' lang='lat' dir='ltr'>inferius</span> <span class='ocrx_word' id='word_1_41' title='bbox 1705 473 1730 506; x_wconf 79' lang='lat'>2.</span> <span class='ocrx_word' id='word_1_42' title='bbox 1779 470 1883 516; x_wconf 81' lang='lat' dir='ltr'>Ergo</span> <span class='ocrx_word' id='word_1_43' title='bbox 1906 480 1994 506; x_wconf 88' lang='lat' dir='ltr'>cum</span> 
     </span>
    </p>
   </div>
   <div class='ocr_carea' id='block_1_3' title="bbox 326 529 2030 578">
    <p class='ocr_par' dir='ltr' id='par_1_3' title="bbox 326 529 2030 578">
     <span class='ocr_line' id='line_1_6' title="bbox 326 529 2030 578; baseline -0.002 -9"><span class='ocrx_word' id='word_1_44' title='bbox 326 542 490 578; x_wconf 87' lang='lat' dir='ltr'>semper</span> <span class='ocrx_word' id='word_1_45' title='bbox 517 542 611 569; x_wconf 86' lang='lat' dir='ltr'>esse</span> <span class='ocrx_word' id='word_1_46' title='bbox 640 533 691 568; x_wconf 93' lang='lat' dir='ltr'>sit</span> <span class='ocrx_word' id='word_1_47' title='bbox 718 532 904 577; x_wconf 88' lang='lat' dir='ltr'>superius</span> <span class='ocrx_word' id='word_1_48' title='bbox 931 533 983 568; x_wconf 90' lang='lat' dir='ltr'>ad</span> <span class='ocrx_word' id='word_1_49' title='bbox 1011 541 1174 576; x_wconf 90' lang='lat' dir='ltr'>semper</span> <span class='ocrx_word' id='word_1_50' title='bbox 1199 531 1352 573; x_wconf 91' lang='lat' dir='ltr'>vivere,</span> <span class='ocrx_word' id='word_1_51' title='bbox 1387 532 1594 567; x_wconf 89' lang='lat' dir='ltr'>destructo</span> <span class='ocrx_word' id='word_1_52' title='bbox 1622 530 1749 575; x_wconf 91' lang='lat' dir='ltr'>primo</span> <span class='ocrx_word' id='word_1_53' title='bbox 1777 529 1996 566; x_wconf 84' lang='lat' dir='ltr'>destruitur</span> <span class='ocrx_word' id='word_1_54' title='bbox 2015 536 2030 560; x_wconf 75' lang='lat'>5</span> 
     </span>
    </p>
   </div>
   <div class='ocr_carea' id='block_1_4' title="bbox 322 589 1998 1701">
    <p class='ocr_par' dir='ltr' id='par_1_4' title="bbox 322 589 1998 1405">
     <span class='ocr_line' id='line_1_7' title="bbox 327 589 1996 635; baseline -0.002 -7"><span class='ocrx_word' id='word_1_55' title='bbox 327 593 562 629; x_wconf 89' lang='lat' dir='ltr'>secundum.</span> <span class='ocrx_word' id='word_1_56' title='bbox 615 591 694 628; x_wconf 88' lang='lat' dir='ltr'>Sed</span> <span class='ocrx_word' id='word_1_57' title='bbox 722 591 884 627; x_wconf 88' lang='lat' dir='ltr'>animae</span> <span class='ocrx_word' id='word_1_58' title='bbox 911 600 993 627; x_wconf 94' lang='lat' dir='ltr'>non</span> <span class='ocrx_word' id='word_1_59' title='bbox 1021 590 1215 626; x_wconf 90' lang='lat' dir='ltr'>convenit</span> <span class='ocrx_word' id='word_1_60' title='bbox 1241 600 1405 635; x_wconf 87' lang='lat' dir='ltr'>semper</span> <span class='ocrx_word' id='word_1_61' title='bbox 1441 600 1546 626; x_wconf 89' lang='lat' dir='ltr'>esse.</span> <span class='ocrx_word' id='word_1_62' title='bbox 1596 589 1701 635; x_wconf 83' lang='lat' dir='ltr'>Ergo</span> <span class='ocrx_word' id='word_1_63' title='bbox 1729 599 1806 625; x_wconf 91' lang='lat' dir='ltr'>nec</span> <span class='ocrx_word' id='word_1_64' title='bbox 1833 598 1996 634; x_wconf 87' lang='lat' dir='ltr'>semper</span> 
     </span>
     <span class='ocr_line' id='line_1_8' title="bbox 327 648 1997 694; baseline -0.002 -7"><span class='ocrx_word' id='word_1_65' title='bbox 327 651 479 688; x_wconf 91' lang='lat' dir='ltr'>vivere.</span> <span class='ocrx_word' id='word_1_66' title='bbox 531 650 647 691; x_wconf 89' lang='lat' dir='ltr'>Quod</span> <span class='ocrx_word' id='word_1_67' title='bbox 673 651 811 686; x_wconf 88' lang='lat' dir='ltr'>autem</span> <span class='ocrx_word' id='word_1_68' title='bbox 839 650 875 686; x_wconf 90' lang='lat' dir='ltr'>ei</span> <span class='ocrx_word' id='word_1_69' title='bbox 902 659 984 686; x_wconf 93' lang='lat' dir='ltr'>non</span> <span class='ocrx_word' id='word_1_70' title='bbox 1012 649 1232 686; x_wconf 90' lang='lat' dir='ltr'>conveniat</span> <span class='ocrx_word' id='word_1_71' title='bbox 1271 659 1434 694; x_wconf 89' lang='lat' dir='ltr'>semper</span> <span class='ocrx_word' id='word_1_72' title='bbox 1470 659 1565 685; x_wconf 88' lang='lat' dir='ltr'>esse</span> <span class='ocrx_word' id='word_1_73' title='bbox 1602 649 1848 685; x_wconf 87' lang='lat' dir='ltr'>ostenditur:</span> <span class='ocrx_word' id='word_1_74' title='bbox 1894 648 1997 689; x_wconf 82' lang='lat' dir='ltr'>Quia</span> 
     </span>
     <span class='ocr_line' id='line_1_9' title="bbox 325 708 1997 755; baseline -0.002 -9"><span class='ocrx_word' id='word_1_75' title='bbox 325 711 366 746; x_wconf 92' lang='lat' dir='ltr'>in</span> <span class='ocrx_word' id='word_1_76' title='bbox 393 720 557 755; x_wconf 87' lang='lat' dir='ltr'>semper</span> <span class='ocrx_word' id='word_1_77' title='bbox 584 719 679 746; x_wconf 86' lang='lat' dir='ltr'>esse</span> <span class='ocrx_word' id='word_1_78' title='bbox 706 709 782 745; x_wconf 88' lang='lat' dir='ltr'>tria</span> <span class='ocrx_word' id='word_1_79' title='bbox 815 710 1079 745; x_wconf 87' lang='lat' dir='ltr'>concurrunt:</span> <span class='ocrx_word' id='word_1_80' title='bbox 1117 709 1311 754; x_wconf 90' lang='lat' dir='ltr'>primitas,</span> <span class='ocrx_word' id='word_1_81' title='bbox 1351 708 1587 754; x_wconf 89' lang='lat' dir='ltr'>simplicitas</span> <span class='ocrx_word' id='word_1_82' title='bbox 1628 709 1667 744; x_wconf 93' lang='lat' dir='ltr'>et</span> <span class='ocrx_word' id='word_1_83' title='bbox 1702 708 1938 744; x_wconf 90' lang='lat' dir='ltr'>indistantia</span> <span class='ocrx_word' id='word_1_84' title='bbox 1972 718 1997 744; x_wconf 90' lang='lat' dir='ltr'>a</span> 
     </span>
     <span class='ocr_line' id='line_1_10' title="bbox 326 767 1996 814; baseline -0.001 -9"><span class='ocrx_word' id='word_1_85' title='bbox 326 769 465 814; x_wconf 90' lang='lat' dir='ltr'>primo.</span> <span class='ocrx_word' id='word_1_86' title='bbox 488 769 682 810; x_wconf 84' lang='lat' dir='ltr'>Primitas,</span> <span class='ocrx_word' id='word_1_87' title='bbox 698 769 873 813; x_wconf 90' lang='lat' dir='ltr'>inquam,</span> <span class='ocrx_word' id='word_1_88' title='bbox 890 769 1051 805; x_wconf 83' lang='lat' dir='ltr'>dicente</span> <span class='ocrx_word' id='word_1_89' title='bbox 1067 768 1239 804; x_wconf 90' lang='lat' dir='ltr'>Philos</span> <span class='ocrx_word' id='word_1_90' title='bbox 1253 769 1421 813; x_wconf 66' lang='lat' dir='ltr'>ophoss:</span> <span class='ocrx_word' id='word_1_91' title='bbox 1444 767 1643 808; x_wconf 87' lang='lat' dir='ltr'>Quoniam</span> <span class='ocrx_word' id='word_1_92' title='bbox 1664 767 1860 813; x_wconf 89' lang='lat' dir='ltr'>principia</span> <span class='ocrx_word' id='word_1_93' title='bbox 1881 777 1996 812; x_wconf 90' lang='lat' dir='ltr'>opor-</span> 
     </span>
     <span class='ocr_line' id='line_1_11' title="bbox 326 826 1996 873; baseline -0.001 -9"><span class='ocrx_word' id='word_1_94' title='bbox 326 829 384 864; x_wconf 88' lang='lat' dir='ltr'>tet</span> <span class='ocrx_word' id='word_1_95' title='bbox 410 838 574 873; x_wconf 89' lang='lat' dir='ltr'>semper</span> <span class='ocrx_word' id='word_1_96' title='bbox 599 837 779 864; x_wconf 87' lang='lat' dir='ltr'>manere.</span> <span class='ocrx_word' id='word_1_97' title='bbox 825 828 904 864; x_wconf 88' lang='lat' dir='ltr'>Sed</span> <span class='ocrx_word' id='word_1_98' title='bbox 926 828 1062 864; x_wconf 89' lang='lat' dir='ltr'>anima</span> <span class='ocrx_word' id='word_1_99' title='bbox 1081 838 1163 864; x_wconf 88' lang='lat' dir='ltr'>non</span> <span class='ocrx_word' id='word_1_100' title='bbox 1186 829 1249 863; x_wconf 88' lang='lat' dir='ltr'>est</span> <span class='ocrx_word' id='word_1_101' title='bbox 1269 828 1319 863; x_wconf 90' lang='lat' dir='ltr'>de</span> <span class='ocrx_word' id='word_1_102' title='bbox 1347 828 1484 872; x_wconf 90' lang='lat' dir='ltr'>primis</span> <span class='ocrx_word' id='word_1_103' title='bbox 1512 827 1730 872; x_wconf 89' lang='lat' dir='ltr'>principlis.</span> <span class='ocrx_word' id='word_1_104' title='bbox 1780 827 1879 863; x_wconf 88' lang='lat' dir='ltr'>Item</span> <span class='ocrx_word' id='word_1_105' title='bbox 1906 826 1996 862; x_wconf 92' lang='lat' dir='ltr'>sim-</span> 
     </span>
     <span class='ocr_line' id='line_1_12' title="bbox 326 886 1995 933; baseline -0.001 -11"><span class='ocrx_word' id='word_1_106' title='bbox 326 887 496 932; x_wconf 88' lang='lat' dir='ltr'>plicitas,</span> <span class='ocrx_word' id='word_1_107' title='bbox 523 887 617 932; x_wconf 89' lang='lat' dir='ltr'>quia</span> <span class='ocrx_word' id='word_1_108' title='bbox 644 896 765 923; x_wconf 92' lang='lat' dir='ltr'>omne</span> <span class='ocrx_word' id='word_1_109' title='bbox 793 886 968 933; x_wconf 84' lang='lat' dir='ltr'>simplex</span> <span class='ocrx_word' id='word_1_110' title='bbox 995 888 1059 923; x_wconf 89' lang='lat' dir='ltr'>est</span> <span class='ocrx_word' id='word_1_111' title='bbox 1083 887 1321 922; x_wconf 86' lang='lat' dir='ltr'>immortale.</span> <span class='ocrx_word' id='word_1_112' title='bbox 1367 886 1447 923; x_wconf 85' lang='lat' dir='ltr'>Sed</span> <span class='ocrx_word' id='word_1_113' title='bbox 1468 887 1604 922; x_wconf 90' lang='lat' dir='ltr'>anima</span> <span class='ocrx_word' id='word_1_114' title='bbox 1624 896 1706 922; x_wconf 92' lang='lat' dir='ltr'>non</span> <span class='ocrx_word' id='word_1_115' title='bbox 1728 887 1791 922; x_wconf 89' lang='lat' dir='ltr'>est</span> <span class='ocrx_word' id='word_1_116' title='bbox 1811 886 1995 930; x_wconf 84' lang='lat' dir='ltr'>simplex.</span> 
     </span>
     <span class='ocr_line' id='line_1_13' title="bbox 325 945 1997 992; baseline -0.001 -9"><span class='ocrx_word' id='word_1_117' title='bbox 325 946 445 983; x_wconf 91' lang='lat' dir='ltr'>Unde</span> <span class='ocrx_word' id='word_1_118' title='bbox 466 946 725 992; x_wconf 85' lang='lat' dir='ltr'>Augustin</span> <span class='ocrx_word' id='word_1_119' title='bbox 739 956 812 985; x_wconf 82' lang='lat' dir='ltr'>us,</span> <span class='ocrx_word' id='word_1_120' title='bbox 834 945 971 991; x_wconf 80' lang='lat' dir='ltr'>Super</span> <span class='ocrx_word' id='word_1_121' title='bbox 985 946 1081 982; x_wconf 75' lang='lat' dir='ltr'>Gen.</span> <span class='ocrx_word' id='word_1_122' title='bbox 1097 946 1209 982; x_wconf 72' lang='lat' dir='ltr'>VII4:</span> <span class='ocrx_word' id='word_1_123' title='bbox 1239 945 1301 989; x_wconf 86' lang='lat' dir='ltr'>„Si</span> <span class='ocrx_word' id='word_1_124' title='bbox 1322 946 1513 991; x_wconf 89' lang='lat' dir='ltr'>quiddam</span> <span class='ocrx_word' id='word_1_125' title='bbox 1534 945 1862 982; x_wconf 87' lang='lat' dir='ltr'>incommutabile</span> <span class='ocrx_word' id='word_1_126' title='bbox 1885 946 1997 981; x_wconf 89' lang='lat' dir='ltr'>esset</span> 
     </span>
     <span class='ocr_line' id='line_1_14' title="bbox 326 1004 1995 1050; baseline -0.001 -9"><span class='ocrx_word' id='word_1_127' title='bbox 326 1005 366 1041; x_wconf 91' lang='lat' dir='ltr'>in</span> <span class='ocrx_word' id='word_1_128' title='bbox 396 1006 542 1047; x_wconf 86' lang='lat' dir='ltr'>anima,</span> <span class='ocrx_word' id='word_1_129' title='bbox 581 1006 690 1041; x_wconf 90' lang='lat' dir='ltr'>nullo</span> <span class='ocrx_word' id='word_1_130' title='bbox 717 1006 839 1041; x_wconf 94' lang='lat' dir='ltr'>modo</span> <span class='ocrx_word' id='word_1_131' title='bbox 867 1005 954 1041; x_wconf 91' lang='lat' dir='ltr'>eius</span> <span class='ocrx_word' id='word_1_132' title='bbox 983 1005 1100 1050; x_wconf 88' lang='lat' dir='ltr'>quasi</span> <span class='ocrx_word' id='word_1_133' title='bbox 1137 1005 1351 1041; x_wconf 81' lang='lat' dir='ltr'>&#39;materiam</span> <span class='ocrx_word' id='word_1_134' title='bbox 1389 1014 1589 1050; x_wconf 85' lang='lat' dir='ltr'>quaerere</span> <span class='ocrx_word' id='word_1_135' title='bbox 1626 1005 1857 1040; x_wconf 79' lang='lat' dir='ltr'>debemus.“</span> <span class='ocrx_word' id='word_1_136' title='bbox 1914 1004 1995 1040; x_wconf 90' lang='lat' dir='ltr'>Iam</span> 
     </span>
     <span class='ocr_line' id='line_1_15' title="bbox 327 1063 1997 1110; baseline -0.001 -10"><span class='ocrx_word' id='word_1_137' title='bbox 327 1074 424 1110; x_wconf 86' lang='lat' dir='ltr'>ergo</span> <span class='ocrx_word' id='word_1_138' title='bbox 442 1073 516 1110; x_wconf 92' lang='lat' dir='ltr'>per</span> <span class='ocrx_word' id='word_1_139' title='bbox 535 1064 778 1109; x_wconf 88' lang='lat' dir='ltr'>oppositum,</span> <span class='ocrx_word' id='word_1_140' title='bbox 795 1074 884 1100; x_wconf 91' lang='lat' dir='ltr'>cum</span> <span class='ocrx_word' id='word_1_141' title='bbox 906 1065 957 1100; x_wconf 90' lang='lat' dir='ltr'>sit</span> <span class='ocrx_word' id='word_1_142' title='bbox 977 1065 1192 1105; x_wconf 84' lang='lat' dir='ltr'>mutabilis,</span> <span class='ocrx_word' id='word_1_143' title='bbox 1207 1065 1332 1100; x_wconf 85' lang='lat' dir='ltr'>habet</span> <span class='ocrx_word' id='word_1_144' title='bbox 1352 1065 1573 1100; x_wconf 85' lang='lat' dir='ltr'>materiam.</span> <span class='ocrx_word' id='word_1_145' title='bbox 1613 1064 1711 1100; x_wconf 87' lang='lat' dir='ltr'>Item</span> <span class='ocrx_word' id='word_1_146' title='bbox 1731 1064 1854 1108; x_wconf 86' lang='lat' dir='ltr'>longe</span> <span class='ocrx_word' id='word_1_147' title='bbox 1875 1063 1997 1099; x_wconf 89' lang='lat' dir='ltr'>distat</span> 
     </span>
     <span class='ocr_line' id='line_1_16' title="bbox 326 1122 1997 1169; baseline -0.001 -10"><span class='ocrx_word' id='word_1_148' title='bbox 326 1133 350 1159; x_wconf 91' lang='lat' dir='ltr'>a</span> <span class='ocrx_word' id='word_1_149' title='bbox 388 1123 537 1168; x_wconf 80' lang='lat' dir='ltr'>primo,</span> <span class='ocrx_word' id='word_1_150' title='bbox 582 1123 774 1168; x_wconf 91' lang='lat' dir='ltr'>quoniam</span> <span class='ocrx_word' id='word_1_151' title='bbox 812 1123 969 1160; x_wconf 81' lang='lat' dir='ltr'>infinite</span> <span class='ocrx_word' id='word_1_152' title='bbox 1009 1124 1049 1159; x_wconf 91' lang='lat' dir='ltr'>et</span> <span class='ocrx_word' id='word_1_153' title='bbox 1086 1133 1160 1169; x_wconf 89' lang='lat' dir='ltr'>per</span> <span class='ocrx_word' id='word_1_154' title='bbox 1198 1133 1459 1168; x_wconf 90' lang='lat' dir='ltr'>consequens</span> <span class='ocrx_word' id='word_1_155' title='bbox 1495 1123 1723 1168; x_wconf 89' lang='lat' dir='ltr'>aequaliter</span> <span class='ocrx_word' id='word_1_156' title='bbox 1760 1133 1849 1159; x_wconf 93' lang='lat' dir='ltr'>cum</span> <span class='ocrx_word' id='word_1_157' title='bbox 1888 1122 1997 1159; x_wconf 92' lang='lat' dir='ltr'>omni</span> 
     </span>
     <span class='ocr_line' id='line_1_17' title="bbox 326 1181 1996 1228; baseline -0.001 -10"><span class='ocrx_word' id='word_1_158' title='bbox 326 1184 524 1219; x_wconf 87' lang='lat' dir='ltr'>creatura.</span> <span class='ocrx_word' id='word_1_159' title='bbox 555 1182 660 1228; x_wconf 85' lang='lat' dir='ltr'>Ergo</span> <span class='ocrx_word' id='word_1_160' title='bbox 683 1182 787 1218; x_wconf 88' lang='lat' dir='ltr'>sicut</span> <span class='ocrx_word' id='word_1_161' title='bbox 807 1183 912 1219; x_wconf 90' lang='lat' dir='ltr'>aliae</span> <span class='ocrx_word' id='word_1_162' title='bbox 934 1184 1148 1219; x_wconf 87' lang='lat' dir='ltr'>creaturae</span> <span class='ocrx_word' id='word_1_163' title='bbox 1168 1183 1363 1219; x_wconf 90' lang='lat' dir='ltr'>mortales</span> <span class='ocrx_word' id='word_1_164' title='bbox 1386 1184 1427 1218; x_wconf 90' lang='lat' dir='ltr'>et</span> <span class='ocrx_word' id='word_1_165' title='bbox 1446 1182 1728 1227; x_wconf 91' lang='lat' dir='ltr'>corruptibiles</span> <span class='ocrx_word' id='word_1_166' title='bbox 1751 1182 1809 1218; x_wconf 90' lang='lat' dir='ltr'>sic</span> <span class='ocrx_word' id='word_1_167' title='bbox 1826 1181 1996 1225; x_wconf 73' lang='lat' dir='ltr'>&lt;anima</span> 
     </span>
     <span class='ocr_line' id='line_1_18' title="bbox 322 1240 1998 1286; baseline -0.001 -9"><span class='ocrx_word' id='word_1_168' title='bbox 322 1240 371 1277; x_wconf 89' lang='lat' dir='ltr'>Et</span> <span class='ocrx_word' id='word_1_169' title='bbox 398 1241 502 1277; x_wconf 92' lang='lat' dir='ltr'>sicut</span> <span class='ocrx_word' id='word_1_170' title='bbox 521 1241 562 1277; x_wconf 93' lang='lat' dir='ltr'>in</span> <span class='ocrx_word' id='word_1_171' title='bbox 579 1241 668 1277; x_wconf 87' lang='lat' dir='ltr'>aliis</span> <span class='ocrx_word' id='word_1_172' title='bbox 689 1242 910 1284; x_wconf 88' lang='lat' dir='ltr'>creaturis&gt;</span> <span class='ocrx_word' id='word_1_173' title='bbox 931 1242 1160 1278; x_wconf 87' lang='lat' dir='ltr'>accidentia</span> <span class='ocrx_word' id='word_1_174' title='bbox 1181 1244 1276 1277; x_wconf 92' lang='lat' dir='ltr'>sunt</span> <span class='ocrx_word' id='word_1_175' title='bbox 1295 1251 1319 1277; x_wconf 89' lang='lat' dir='ltr'>a</span> <span class='ocrx_word' id='word_1_176' title='bbox 1341 1242 1580 1281; x_wconf 81' lang='lat' dir='ltr'>substantia,</span> <span class='ocrx_word' id='word_1_177' title='bbox 1608 1241 1667 1278; x_wconf 89' lang='lat' dir='ltr'>sic</span> <span class='ocrx_word' id='word_1_178' title='bbox 1688 1241 1998 1286; x_wconf 87' lang='lat' dir='ltr'>corrumpuntur</span> 
     </span>
     <span class='ocr_line' id='line_1_19' title="bbox 327 1301 1996 1346; baseline -0.001 -10"><span class='ocrx_word' id='word_1_179' title='bbox 327 1301 367 1336; x_wconf 91' lang='lat' dir='ltr'>et</span> <span class='ocrx_word' id='word_1_180' title='bbox 392 1301 601 1336; x_wconf 88' lang='lat' dir='ltr'>variantur</span> <span class='ocrx_word' id='word_1_181' title='bbox 627 1311 700 1346; x_wconf 90' lang='lat' dir='ltr'>per</span> <span class='ocrx_word' id='word_1_182' title='bbox 727 1301 1030 1346; x_wconf 89' lang='lat' dir='ltr'>corruptionem</span> <span class='ocrx_word' id='word_1_183' title='bbox 1057 1301 1311 1341; x_wconf 89' lang='lat' dir='ltr'>substantiae</span> <span class='ocrx_word' id='word_1_184' title='bbox 1333 1324 1376 1326; x_wconf 96' lang='lat'><strong>—</strong></span> <span class='ocrx_word' id='word_1_185' title='bbox 1399 1310 1496 1346; x_wconf 87' lang='lat' dir='ltr'>ergo</span> <span class='ocrx_word' id='word_1_186' title='bbox 1524 1301 1558 1336; x_wconf 89' lang='lat' dir='ltr'>si</span> <span class='ocrx_word' id='word_1_187' title='bbox 1584 1301 1720 1337; x_wconf 89' lang='lat' dir='ltr'>anima</span> <span class='ocrx_word' id='word_1_188' title='bbox 1747 1302 1810 1337; x_wconf 90' lang='lat' dir='ltr'>est</span> <span class='ocrx_word' id='word_1_189' title='bbox 1836 1310 1996 1345; x_wconf 87' lang='lat' dir='ltr'>corrup-</span> 
     </span>
     <span class='ocr_line' id='line_1_20' title="bbox 325 1359 1705 1405; baseline 0.001 -10"><span class='ocrx_word' id='word_1_190' title='bbox 325 1359 447 1395; x_wconf 91' lang='lat' dir='ltr'>tibilis</span> <span class='ocrx_word' id='word_1_191' title='bbox 475 1360 514 1395; x_wconf 90' lang='lat' dir='ltr'>in</span> <span class='ocrx_word' id='word_1_192' title='bbox 542 1360 782 1401; x_wconf 89' lang='lat' dir='ltr'>substantia,</span> <span class='ocrx_word' id='word_1_193' title='bbox 811 1362 874 1396; x_wconf 92' lang='lat' dir='ltr'>est</span> <span class='ocrx_word' id='word_1_194' title='bbox 900 1360 1022 1396; x_wconf 87' lang='lat' dir='ltr'>etiam</span> <span class='ocrx_word' id='word_1_195' title='bbox 1049 1360 1320 1405; x_wconf 91' lang='lat' dir='ltr'>corruptibilis</span> <span class='ocrx_word' id='word_1_196' title='bbox 1347 1362 1386 1396; x_wconf 92' lang='lat' dir='ltr'>in</span> <span class='ocrx_word' id='word_1_197' title='bbox 1413 1360 1705 1396; x_wconf 82' lang='lat' dir='ltr'>accidentibus.</span> 
     </span>
    </p>

    <p class='ocr_par' dir='ltr' id='par_1_5' title="bbox 324 1419 1996 1642">
     <span class='ocr_line' id='line_1_21' title="bbox 465 1419 1996 1456; baseline 0.001 -2"><span class='ocrx_word' id='word_1_198' title='bbox 465 1420 519 1454; x_wconf 76' lang='lat'>26.</span> <span class='ocrx_word' id='word_1_199' title='bbox 559 1419 657 1455; x_wconf 89' lang='lat' dir='ltr'>Item</span> <span class='ocrx_word' id='word_1_200' title='bbox 693 1419 831 1455; x_wconf 77' lang='lat' dir='ltr'>ultIma</span> <span class='ocrx_word' id='word_1_201' title='bbox 866 1419 1099 1455; x_wconf 82' lang='lat' dir='ltr'>differentia</span> <span class='ocrx_word' id='word_1_202' title='bbox 1133 1419 1173 1455; x_wconf 91' lang='lat' dir='ltr'>in</span> <span class='ocrx_word' id='word_1_203' title='bbox 1200 1419 1439 1455; x_wconf 88' lang='lat' dir='ltr'>definitione</span> <span class='ocrx_word' id='word_1_204' title='bbox 1466 1419 1640 1456; x_wconf 91' lang='lat' dir='ltr'>hominis</span> <span class='ocrx_word' id='word_1_205' title='bbox 1669 1420 1732 1455; x_wconf 89' lang='lat' dir='ltr'>est</span> <span class='ocrx_word' id='word_1_206' title='bbox 1757 1419 1928 1455; x_wconf 90' lang='lat' dir='ltr'>mortale</span> <span class='ocrx_word' id='word_1_207' title='bbox 1956 1422 1996 1456; x_wconf 93' lang='lat' dir='ltr'>et</span> 
     </span>
     <span class='ocr_line' id='line_1_22' title="bbox 327 1478 1996 1523; baseline 0 -9"><span class='ocrx_word' id='word_1_208' title='bbox 327 1479 493 1523; x_wconf 88' lang='lat' dir='ltr'>separat</span> <span class='ocrx_word' id='word_1_209' title='bbox 527 1488 602 1514; x_wconf 91' lang='lat' dir='ltr'>nos</span> <span class='ocrx_word' id='word_1_210' title='bbox 629 1488 654 1514; x_wconf 88' lang='lat' dir='ltr'>a</span> <span class='ocrx_word' id='word_1_211' title='bbox 680 1478 768 1514; x_wconf 92' lang='lat' dir='ltr'>diis.</span> <span class='ocrx_word' id='word_1_212' title='bbox 829 1479 908 1514; x_wconf 89' lang='lat' dir='ltr'>Sed</span> <span class='ocrx_word' id='word_1_213' title='bbox 948 1478 1087 1514; x_wconf 88' lang='lat' dir='ltr'>ultima</span> <span class='ocrx_word' id='word_1_214' title='bbox 1123 1478 1355 1515; x_wconf 87' lang='lat' dir='ltr'>differentia</span> <span class='ocrx_word' id='word_1_215' title='bbox 1394 1480 1457 1514; x_wconf 90' lang='lat' dir='ltr'>est</span> <span class='ocrx_word' id='word_1_216' title='bbox 1494 1488 1518 1514; x_wconf 93' lang='lat' dir='ltr'>a</span> <span class='ocrx_word' id='word_1_217' title='bbox 1556 1478 1809 1523; x_wconf 83' lang='lat' dir='ltr'>perfectione</span> <span class='ocrx_word' id='word_1_218' title='bbox 1848 1479 1996 1515; x_wconf 90' lang='lat' dir='ltr'>ultima.</span> 
     </span>
     <span class='ocr_line' id='line_1_23' title="bbox 324 1537 1996 1583; baseline 0.001 -11"><span class='ocrx_word' id='word_1_219' title='bbox 324 1537 429 1583; x_wconf 83' lang='lat' dir='ltr'>Ergo</span> <span class='ocrx_word' id='word_1_220' title='bbox 468 1537 692 1573; x_wconf 90' lang='lat' dir='ltr'>mortalitas</span> <span class='ocrx_word' id='word_1_221' title='bbox 730 1538 794 1574; x_wconf 88' lang='lat' dir='ltr'>est</span> <span class='ocrx_word' id='word_1_222' title='bbox 831 1539 881 1574; x_wconf 91' lang='lat' dir='ltr'>ab</span> <span class='ocrx_word' id='word_1_223' title='bbox 920 1538 1057 1574; x_wconf 90' lang='lat' dir='ltr'>anima</span> <span class='ocrx_word' id='word_1_224' title='bbox 1091 1538 1290 1574; x_wconf 86' lang='lat' dir='ltr'>rationali.</span> <span class='ocrx_word' id='word_1_225' title='bbox 1339 1537 1444 1583; x_wconf 84' lang='lat' dir='ltr'>Ergo</span> <span class='ocrx_word' id='word_1_226' title='bbox 1484 1538 1588 1573; x_wconf 91' lang='lat' dir='ltr'>sicut</span> <span class='ocrx_word' id='word_1_227' title='bbox 1626 1537 1761 1574; x_wconf 85' lang='lat' dir='ltr'>anima</span> <span class='ocrx_word' id='word_1_228' title='bbox 1785 1538 1996 1574; x_wconf 87' lang='lat' dir='ltr'>rationalis</span> 
     </span>
     <span class='ocr_line' id='line_1_24' title="bbox 325 1596 1302 1642; baseline 0 -10"><span class='ocrx_word' id='word_1_229' title='bbox 325 1596 564 1632; x_wconf 89' lang='lat' dir='ltr'>necessario</span> <span class='ocrx_word' id='word_1_230' title='bbox 593 1598 656 1632; x_wconf 91' lang='lat' dir='ltr'>est</span> <span class='ocrx_word' id='word_1_231' title='bbox 682 1597 899 1642; x_wconf 89' lang='lat' dir='ltr'>corruptio,</span> <span class='ocrx_word' id='word_1_232' title='bbox 928 1598 992 1633; x_wconf 89' lang='lat' dir='ltr'>est</span> <span class='ocrx_word' id='word_1_233' title='bbox 1018 1597 1302 1642; x_wconf 88' lang='lat' dir='ltr'>corruptibilis.</span> 
     </span>
    </p>

    <p class='ocr_par' dir='ltr' id='par_1_6' title="bbox 465 1655 1996 1701">
     <span class='ocr_line' id='line_1_25' title="bbox 465 1655 1996 1701; baseline 0 -9"><span class='ocrx_word' id='word_1_234' title='bbox 465 1656 520 1691; x_wconf 85' lang='lat'>27.</span> <span class='ocrx_word' id='word_1_235' title='bbox 559 1655 658 1691; x_wconf 87' lang='lat' dir='ltr'>Item</span> <span class='ocrx_word' id='word_1_236' title='bbox 697 1665 980 1701; x_wconf 89' lang='lat' dir='ltr'>quaecumque</span> <span class='ocrx_word' id='word_1_237' title='bbox 1019 1657 1098 1692; x_wconf 90' lang='lat' dir='ltr'>duo</span> <span class='ocrx_word' id='word_1_238' title='bbox 1138 1656 1389 1692; x_wconf 89' lang='lat' dir='ltr'>conveniunt</span> <span class='ocrx_word' id='word_1_239' title='bbox 1426 1656 1467 1692; x_wconf 90' lang='lat' dir='ltr'>in</span> <span class='ocrx_word' id='word_1_240' title='bbox 1505 1666 1641 1695; x_wconf 87' lang='lat' dir='ltr'>causa,</span> <span class='ocrx_word' id='word_1_241' title='bbox 1680 1656 1930 1692; x_wconf 88' lang='lat' dir='ltr'>conveniunt</span> <span class='ocrx_word' id='word_1_242' title='bbox 1956 1656 1996 1691; x_wconf 94' lang='lat' dir='ltr'>in</span> 
     </span>
    </p>
   </div>
   <div class='ocr_carea' id='block_1_5' title="bbox 2019 830 2049 854">
    <p class='ocr_par' dir='ltr' id='par_1_7' title="bbox 2019 830 2049 854">
     <span class='ocr_line' id='line_1_26' title="bbox 2019 830 2049 854; baseline -0.067 0"><span class='ocrx_word' id='word_1_243' title='bbox 2019 830 2049 854; x_wconf 77' lang='lat'>10</span> 
     </span>
    </p>
   </div>
   <div class='ocr_carea' id='block_1_6' title="bbox 2019 1125 2049 1150">
    <p class='ocr_par' dir='ltr' id='par_1_8' title="bbox 2019 1125 2049 1150">
     <span class='ocr_line' id='line_1_27' title="bbox 2019 1125 2049 1150; baseline 0.033 -1"><span class='ocrx_word' id='word_1_244' title='bbox 2019 1125 2049 1150; x_wconf 86' lang='lat'>15</span> 
     </span>
    </p>
   </div>
   <div class='ocr_carea' id='block_1_7' title="bbox 2014 1425 2047 1450">
    <p class='ocr_par' dir='ltr' id='par_1_9' title="bbox 2014 1425 2047 1450">
     <span class='ocr_line' id='line_1_28' title="bbox 2014 1425 2047 1450; baseline -0.061 0"><span class='ocrx_word' id='word_1_245' title='bbox 2014 1425 2047 1450; x_wconf 74' lang='lat'>20</span> 
     </span>
    </p>
   </div>
   <div class='ocr_carea' id='block_1_8' title="bbox 327 1714 2048 1760">
    <p class='ocr_par' dir='ltr' id='par_1_10' title="bbox 327 1714 2048 1760">
     <span class='ocr_line' id='line_1_29' title="bbox 327 1714 2048 1760; baseline 0.001 -10"><span class='ocrx_word' id='word_1_246' title='bbox 327 1714 487 1750; x_wconf 84' lang='lat' dir='ltr'>effectu.</span> <span class='ocrx_word' id='word_1_247' title='bbox 539 1714 642 1750; x_wconf 89' lang='lat' dir='ltr'>Caro</span> <span class='ocrx_word' id='word_1_248' title='bbox 671 1715 710 1750; x_wconf 90' lang='lat' dir='ltr'>et</span> <span class='ocrx_word' id='word_1_249' title='bbox 736 1715 872 1751; x_wconf 90' lang='lat' dir='ltr'>anima</span> <span class='ocrx_word' id='word_1_250' title='bbox 899 1715 1149 1751; x_wconf 92' lang='lat' dir='ltr'>conveniunt</span> <span class='ocrx_word' id='word_1_251' title='bbox 1175 1715 1216 1751; x_wconf 93' lang='lat' dir='ltr'>in</span> <span class='ocrx_word' id='word_1_252' title='bbox 1243 1725 1370 1751; x_wconf 86' lang='lat' dir='ltr'>causa</span> <span class='ocrx_word' id='word_1_253' title='bbox 1395 1715 1545 1755; x_wconf 81' lang='lat' dir='ltr'>mortis,</span> <span class='ocrx_word' id='word_1_254' title='bbox 1587 1715 1742 1752; x_wconf 90' lang='lat' dir='ltr'>scilicet</span> <span class='ocrx_word' id='word_1_255' title='bbox 1776 1715 1816 1751; x_wconf 92' lang='lat' dir='ltr'>in</span> <span class='ocrx_word' id='word_1_256' title='bbox 1850 1724 1995 1760; x_wconf 88' lang='lat' dir='ltr'>poena,</span> <span class='ocrx_word' id='word_1_257' title='bbox 2016 1721 2048 1745; x_wconf 68' lang='lat'>25</span> 
     </span>
    </p>
   </div>
   <div class='ocr_carea' id='block_1_9' title="bbox 325 1773 1997 2234">
    <p class='ocr_par' dir='ltr' id='par_1_11' title="bbox 325 1773 1997 1869">
     <span class='ocr_line' id='line_1_30' title="bbox 325 1773 1997 1820; baseline 0.001 -11"><span class='ocrx_word' id='word_1_258' title='bbox 325 1773 446 1809; x_wconf 91' lang='lat' dir='ltr'>immo</span> <span class='ocrx_word' id='word_1_259' title='bbox 473 1774 609 1810; x_wconf 87' lang='lat' dir='ltr'>anima</span> <span class='ocrx_word' id='word_1_260' title='bbox 635 1783 708 1818; x_wconf 88' lang='lat' dir='ltr'>per</span> <span class='ocrx_word' id='word_1_261' title='bbox 735 1783 780 1810; x_wconf 92' lang='lat' dir='ltr'>se</span> <span class='ocrx_word' id='word_1_262' title='bbox 808 1774 980 1819; x_wconf 88' lang='lat' dir='ltr'>punitur.</span> <span class='ocrx_word' id='word_1_263' title='bbox 1032 1774 1112 1810; x_wconf 87' lang='lat' dir='ltr'>Sed</span> <span class='ocrx_word' id='word_1_264' title='bbox 1139 1784 1276 1819; x_wconf 91' lang='lat' dir='ltr'>poena</span> <span class='ocrx_word' id='word_1_265' title='bbox 1303 1776 1367 1810; x_wconf 91' lang='lat' dir='ltr'>est</span> <span class='ocrx_word' id='word_1_266' title='bbox 1393 1784 1518 1810; x_wconf 87' lang='lat' dir='ltr'>causa</span> <span class='ocrx_word' id='word_1_267' title='bbox 1543 1775 1694 1815; x_wconf 71' lang='lat' dir='ltr'>mortis,</span> <span class='ocrx_word' id='word_1_268' title='bbox 1737 1784 1834 1820; x_wconf 85' lang='lat' dir='ltr'>ergo</span> <span class='ocrx_word' id='word_1_269' title='bbox 1861 1774 1997 1810; x_wconf 87' lang='lat' dir='ltr'>anima</span> 
     </span>
     <span class='ocr_line' id='line_1_31' title="bbox 327 1833 609 1869; baseline 0 -1"><span class='ocrx_word' id='word_1_270' title='bbox 327 1833 390 1868; x_wconf 90' lang='lat' dir='ltr'>est</span> <span class='ocrx_word' id='word_1_271' title='bbox 416 1833 609 1869; x_wconf 88' lang='lat' dir='ltr'>mortalis.</span> 
     </span>
    </p>

    <p class='ocr_par' dir='ltr' id='par_1_12' title="bbox 464 1892 1995 1937">
     <span class='ocr_line' id='line_1_32' title="bbox 464 1892 1995 1937; baseline 0.001 -9"><span class='ocrx_word' id='word_1_272' title='bbox 464 1892 724 1937; x_wconf 85' lang='lat' dir='ltr'>Respondeo‚</span> <span class='ocrx_word' id='word_1_273' title='bbox 753 1892 811 1928; x_wconf 88' lang='lat' dir='ltr'>sic</span> <span class='ocrx_word' id='word_1_274' title='bbox 838 1893 1087 1928; x_wconf 89' lang='lat' dir='ltr'>conveniunt</span> <span class='ocrx_word' id='word_1_275' title='bbox 1117 1893 1156 1928; x_wconf 94' lang='lat' dir='ltr'>in</span> <span class='ocrx_word' id='word_1_276' title='bbox 1187 1902 1313 1929; x_wconf 87' lang='lat' dir='ltr'>causa</span> <span class='ocrx_word' id='word_1_277' title='bbox 1346 1894 1389 1928; x_wconf 92' lang='lat' dir='ltr'>ut</span> <span class='ocrx_word' id='word_1_278' title='bbox 1415 1894 1478 1929; x_wconf 89' lang='lat' dir='ltr'>est</span> <span class='ocrx_word' id='word_1_279' title='bbox 1504 1894 1555 1929; x_wconf 90' lang='lat' dir='ltr'>ad</span> <span class='ocrx_word' id='word_1_280' title='bbox 1583 1893 1774 1929; x_wconf 89' lang='lat' dir='ltr'>effectum</span> <span class='ocrx_word' id='word_1_281' title='bbox 1801 1893 1995 1929; x_wconf 88' lang='lat' dir='ltr'>ordinata.</span> 
     </span>
    </p>

    <p class='ocr_par' dir='ltr' id='par_1_13' title="bbox 325 1951 1997 2234">
     <span class='ocr_line' id='line_1_33' title="bbox 466 1951 1995 1992; baseline 0.001 -5"><span class='ocrx_word' id='word_1_282' title='bbox 466 1951 564 1987; x_wconf 91' lang='lat' dir='ltr'>Item</span> <span class='ocrx_word' id='word_1_283' title='bbox 581 1951 712 1988; x_wconf 86' lang='lat' dir='ltr'>forma</span> <span class='ocrx_word' id='word_1_284' title='bbox 732 1951 894 1988; x_wconf 88' lang='lat' dir='ltr'>animae</span> <span class='ocrx_word' id='word_1_285' title='bbox 917 1952 954 1988; x_wconf 90' lang='lat' dir='ltr'>ei</span> <span class='ocrx_word' id='word_1_286' title='bbox 974 1952 1254 1988; x_wconf 87' lang='lat' dir='ltr'>immortaliter</span> <span class='ocrx_word' id='word_1_287' title='bbox 1274 1953 1343 1988; x_wconf 88' lang='lat' dir='ltr'>aut</span> <span class='ocrx_word' id='word_1_288' title='bbox 1363 1952 1587 1988; x_wconf 89' lang='lat' dir='ltr'>mortaliter</span> <span class='ocrx_word' id='word_1_289' title='bbox 1607 1952 1800 1988; x_wconf 88' lang='lat' dir='ltr'>subsistit.</span> <span class='ocrx_word' id='word_1_290' title='bbox 1835 1951 1995 1992; x_wconf 89' lang='lat' dir='ltr'>Quaero</span> 
     </span>
     <span class='ocr_line' id='line_1_34' title="bbox 325 2010 1997 2057; baseline 0.001 -11"><span class='ocrx_word' id='word_1_291' title='bbox 325 2010 365 2045; x_wconf 91' lang='lat' dir='ltr'>in</span> <span class='ocrx_word' id='word_1_292' title='bbox 393 2019 473 2054; x_wconf 90' lang='lat' dir='ltr'>qua</span> <span class='ocrx_word' id='word_1_293' title='bbox 498 2010 699 2047; x_wconf 86' lang='lat' dir='ltr'>materia‘?</span> <span class='ocrx_word' id='word_1_294' title='bbox 749 2011 829 2047; x_wconf 88' lang='lat' dir='ltr'>Aut</span> <span class='ocrx_word' id='word_1_295' title='bbox 854 2011 894 2047; x_wconf 93' lang='lat' dir='ltr'>in</span> <span class='ocrx_word' id='word_1_296' title='bbox 921 2012 1093 2047; x_wconf 90' lang='lat' dir='ltr'>materia</span> <span class='ocrx_word' id='word_1_297' title='bbox 1119 2012 1313 2056; x_wconf 79' lang='lat' dir='ltr'>corporis,</span> <span class='ocrx_word' id='word_1_298' title='bbox 1354 2013 1394 2047; x_wconf 93' lang='lat' dir='ltr'>et</span> <span class='ocrx_word' id='word_1_299' title='bbox 1430 2012 1507 2048; x_wconf 90' lang='lat' dir='ltr'>hoc</span> <span class='ocrx_word' id='word_1_300' title='bbox 1544 2022 1638 2053; x_wconf 87' lang='lat' dir='ltr'>non,</span> <span class='ocrx_word' id='word_1_301' title='bbox 1677 2012 1770 2057; x_wconf 89' lang='lat' dir='ltr'>quia</span> <span class='ocrx_word' id='word_1_302' title='bbox 1807 2012 1874 2047; x_wconf 91' lang='lat' dir='ltr'>illa</span> <span class='ocrx_word' id='word_1_303' title='bbox 1912 2021 1997 2047; x_wconf 91' lang='lat' dir='ltr'>cor-</span> 
     </span>
     <span class='ocr_line' id='line_1_35' title="bbox 325 2069 1997 2116; baseline 0.001 -11"><span class='ocrx_word' id='word_1_304' title='bbox 325 2069 532 2114; x_wconf 89' lang='lat' dir='ltr'>rumpitur.</span> <span class='ocrx_word' id='word_1_305' title='bbox 566 2069 646 2106; x_wconf 90' lang='lat' dir='ltr'>Aut</span> <span class='ocrx_word' id='word_1_306' title='bbox 666 2070 707 2106; x_wconf 93' lang='lat' dir='ltr'>in</span> <span class='ocrx_word' id='word_1_307' title='bbox 727 2071 891 2115; x_wconf 90' lang='lat' dir='ltr'>propria</span> <span class='ocrx_word' id='word_1_308' title='bbox 912 2070 1094 2111; x_wconf 86' lang='lat' dir='ltr'>materia,</span> <span class='ocrx_word' id='word_1_309' title='bbox 1123 2073 1162 2106; x_wconf 93' lang='lat' dir='ltr'>et</span> <span class='ocrx_word' id='word_1_310' title='bbox 1188 2072 1266 2107; x_wconf 90' lang='lat' dir='ltr'>hoc</span> <span class='ocrx_word' id='word_1_311' title='bbox 1293 2081 1374 2106; x_wconf 92' lang='lat' dir='ltr'>non</span> <span class='ocrx_word' id='word_1_312' title='bbox 1396 2071 1567 2112; x_wconf 79' lang='lat' dir='ltr'>videtur,</span> <span class='ocrx_word' id='word_1_313' title='bbox 1590 2071 1684 2116; x_wconf 89' lang='lat' dir='ltr'>quia</span> <span class='ocrx_word' id='word_1_314' title='bbox 1704 2072 1806 2107; x_wconf 89' lang='lat' dir='ltr'>haec</span> <span class='ocrx_word' id='word_1_315' title='bbox 1827 2071 1997 2107; x_wconf 88' lang='lat' dir='ltr'>materia</span> 
     </span>
     <span class='ocr_line' id='line_1_36' title="bbox 327 2129 1995 2175; baseline 0.001 -11"><span class='ocrx_word' id='word_1_316' title='bbox 327 2138 408 2171; x_wconf 88' lang='lat' dir='ltr'>non</span> <span class='ocrx_word' id='word_1_317' title='bbox 436 2130 499 2164; x_wconf 89' lang='lat' dir='ltr'>est</span> <span class='ocrx_word' id='word_1_318' title='bbox 524 2130 620 2165; x_wconf 88' lang='lat' dir='ltr'>nata</span> <span class='ocrx_word' id='word_1_319' title='bbox 647 2130 756 2165; x_wconf 89' lang='lat' dir='ltr'>stare</span> <span class='ocrx_word' id='word_1_320' title='bbox 783 2129 823 2165; x_wconf 92' lang='lat' dir='ltr'>in</span> <span class='ocrx_word' id='word_1_321' title='bbox 850 2139 907 2170; x_wconf 82' lang='lat' dir='ltr'>se,</span> <span class='ocrx_word' id='word_1_322' title='bbox 947 2130 1021 2165; x_wconf 90' lang='lat' dir='ltr'>sed</span> <span class='ocrx_word' id='word_1_323' title='bbox 1059 2130 1111 2165; x_wconf 88' lang='lat' dir='ltr'>ad</span> <span class='ocrx_word' id='word_1_324' title='bbox 1150 2129 1362 2166; x_wconf 89' lang='lat' dir='ltr'>materiam</span> <span class='ocrx_word' id='word_1_325' title='bbox 1401 2131 1583 2175; x_wconf 88' lang='lat' dir='ltr'>corporis</span> <span class='ocrx_word' id='word_1_326' title='bbox 1623 2130 1841 2166; x_wconf 90' lang='lat' dir='ltr'>ordinatur.</span> <span class='ocrx_word' id='word_1_327' title='bbox 1891 2129 1995 2175; x_wconf 91' lang='lat' dir='ltr'>Ergo</span> 
     </span>
     <span class='ocr_line' id='line_1_37' title="bbox 326 2187 1996 2234; baseline 0.001 -11"><span class='ocrx_word' id='word_1_328' title='bbox 326 2187 432 2223; x_wconf 88' lang='lat' dir='ltr'>idem</span> <span class='ocrx_word' id='word_1_329' title='bbox 455 2189 518 2224; x_wconf 92' lang='lat' dir='ltr'>est</span> <span class='ocrx_word' id='word_1_330' title='bbox 537 2188 797 2224; x_wconf 89' lang='lat' dir='ltr'>iudicandum</span> <span class='ocrx_word' id='word_1_331' title='bbox 818 2189 868 2224; x_wconf 88' lang='lat' dir='ltr'>de</span> <span class='ocrx_word' id='word_1_332' title='bbox 889 2188 980 2233; x_wconf 91' lang='lat' dir='ltr'>ipsa</span> <span class='ocrx_word' id='word_1_333' title='bbox 1003 2190 1043 2224; x_wconf 90' lang='lat' dir='ltr'>et</span> <span class='ocrx_word' id='word_1_334' title='bbox 1069 2189 1120 2224; x_wconf 92' lang='lat' dir='ltr'>de</span> <span class='ocrx_word' id='word_1_335' title='bbox 1141 2189 1312 2225; x_wconf 88' lang='lat' dir='ltr'>materia</span> <span class='ocrx_word' id='word_1_336' title='bbox 1339 2189 1592 2234; x_wconf 90' lang='lat' dir='ltr'>corporis.-—</span> <span class='ocrx_word' id='word_1_337' title='bbox 1607 2190 1866 2234; x_wconf 84' lang='lat' dir='ltr'>Responde0‚</span> <span class='ocrx_word' id='word_1_338' title='bbox 1894 2189 1996 2225; x_wconf 90' lang='lat' dir='ltr'>ordi-</span> 
     </span>
    </p>
   </div>
   <div class='ocr_carea' id='block_1_10' title="bbox 2015 1966 2047 1990">
    <p class='ocr_par' dir='ltr' id='par_1_14' title="bbox 2015 1966 2047 1990">
     <span class='ocr_line' id='line_1_38' title="bbox 2015 1966 2047 1990; baseline -0.063 0"><span class='ocrx_word' id='word_1_339' title='bbox 2015 1966 2047 1990; x_wconf 75' lang='lat'>30</span> 
     </span>
    </p>
   </div>
   <div class='ocr_carea' id='block_1_11' title="bbox 325 2247 2046 2292">
    <p class='ocr_par' dir='ltr' id='par_1_15' title="bbox 325 2247 2046 2292">
     <span class='ocr_line' id='line_1_39' title="bbox 325 2247 2046 2292; baseline 0.001 -10"><span class='ocrx_word' id='word_1_340' title='bbox 325 2248 444 2282; x_wconf 89' lang='lat' dir='ltr'>natur</span> <span class='ocrx_word' id='word_1_341' title='bbox 474 2248 526 2283; x_wconf 91' lang='lat' dir='ltr'>ad</span> <span class='ocrx_word' id='word_1_342' title='bbox 561 2247 774 2283; x_wconf 88' lang='lat' dir='ltr'>materiam</span> <span class='ocrx_word' id='word_1_343' title='bbox 812 2248 994 2292; x_wconf 89' lang='lat' dir='ltr'>corporis</span> <span class='ocrx_word' id='word_1_344' title='bbox 1032 2257 1114 2283; x_wconf 91' lang='lat' dir='ltr'>non</span> <span class='ocrx_word' id='word_1_345' title='bbox 1152 2248 1256 2284; x_wconf 90' lang='lat' dir='ltr'>sicut</span> <span class='ocrx_word' id='word_1_346' title='bbox 1294 2249 1345 2284; x_wconf 90' lang='lat' dir='ltr'>ad</span> <span class='ocrx_word' id='word_1_347' title='bbox 1383 2248 1518 2290; x_wconf 85' lang='lat' dir='ltr'>finem,</span> <span class='ocrx_word' id='word_1_348' title='bbox 1555 2249 1627 2285; x_wconf 90' lang='lat' dir='ltr'>sed</span> <span class='ocrx_word' id='word_1_349' title='bbox 1657 2248 1759 2284; x_wconf 91' lang='lat' dir='ltr'>sicut</span> <span class='ocrx_word' id='word_1_350' title='bbox 1785 2249 1883 2290; x_wconf 87' lang='lat' dir='ltr'>&lt;ad&gt;</span> <span class='ocrx_word' id='word_1_351' title='bbox 1910 2258 1994 2284; x_wconf 89' lang='lat' dir='ltr'>rem</span> <span class='ocrx_word' id='word_1_352' title='bbox 2014 2260 2046 2284; x_wconf 77' lang='lat'>35</span> 
     </span>
    </p>
   </div>
   <div class='ocr_carea' id='block_1_12' title="bbox 326 2304 1684 2352">
    <p class='ocr_par' dir='ltr' id='par_1_16' title="bbox 326 2304 1684 2352">
     <span class='ocr_line' id='line_1_40' title="bbox 326 2304 1684 2352; baseline 0.001 -11"><span class='ocrx_word' id='word_1_353' title='bbox 326 2304 415 2350; x_wconf 90' lang='lat' dir='ltr'>ipsa</span> <span class='ocrx_word' id='word_1_354' title='bbox 440 2306 702 2352; x_wconf 87' lang='lat' dir='ltr'>indigentem,</span> <span class='ocrx_word' id='word_1_355' title='bbox 730 2306 834 2342; x_wconf 89' lang='lat' dir='ltr'>sicut</span> <span class='ocrx_word' id='word_1_356' title='bbox 861 2306 982 2343; x_wconf 90' lang='lat' dir='ltr'>etiam</span> <span class='ocrx_word' id='word_1_357' title='bbox 1009 2307 1158 2342; x_wconf 89' lang='lat' dir='ltr'>animal</span> <span class='ocrx_word' id='word_1_358' title='bbox 1187 2308 1251 2343; x_wconf 90' lang='lat' dir='ltr'>est</span> <span class='ocrx_word' id='word_1_359' title='bbox 1276 2308 1443 2352; x_wconf 88' lang='lat' dir='ltr'>propter</span> <span class='ocrx_word' id='word_1_360' title='bbox 1468 2308 1684 2344; x_wconf 91' lang='lat' dir='ltr'>hominem.</span> 
     </span>
    </p>
   </div>
   <div class='ocr_carea' id='block_1_13' title="bbox 325 2414 1994 3094">
    <p class='ocr_par' dir='ltr' id='par_1_17' title="bbox 326 2414 1994 2509">
     <span class='ocr_line' id='line_1_41' title="bbox 467 2414 1994 2460; baseline 0.001 -11"><span class='ocrx_word' id='word_1_361' title='bbox 467 2416 507 2449; x_wconf 88' lang='lat'>19</span> <span class='ocrx_word' id='word_1_362' title='bbox 535 2414 794 2456; x_wconf 85' lang='lat' dir='ltr'>accidentibus]</span> <span class='ocrx_word' id='word_1_363' title='bbox 821 2417 1011 2458; x_wconf 86' lang='lat' dir='ltr'>agentibus</span> <span class='ocrx_word' id='word_1_364' title='bbox 1133 2417 1175 2449; x_wconf 81' lang='lat'>30</span> <span class='ocrx_word' id='word_1_365' title='bbox 1212 2414 1284 2458; x_wconf 87' lang='lat' dir='ltr'>aut]</span> <span class='ocrx_word' id='word_1_366' title='bbox 1325 2419 1359 2450; x_wconf 86' lang='lat' dir='ltr'>et</span> <span class='ocrx_word' id='word_1_367' title='bbox 1479 2419 1515 2450; x_wconf 82' lang='lat'>31</span> <span class='ocrx_word' id='word_1_368' title='bbox 1561 2419 1594 2451; x_wconf 91' lang='lat' dir='ltr'>in</span> <span class='ocrx_word' id='word_1_369' title='bbox 1632 2419 1784 2451; x_wconf 89' lang='lat' dir='ltr'>materia</span> <span class='ocrx_word' id='word_1_370' title='bbox 1818 2417 1994 2460; x_wconf 84' lang='lat' dir='ltr'>corporis]</span> 
     </span>
     <span class='ocr_line' id='line_1_42' title="bbox 326 2469 725 2509; baseline 0.003 -8"><span class='ocrx_word' id='word_1_371' title='bbox 326 2470 387 2501; x_wconf 87' lang='lat' dir='ltr'>aut</span> <span class='ocrx_word' id='word_1_372' title='bbox 413 2469 447 2501; x_wconf 93' lang='lat' dir='ltr'>in</span> <span class='ocrx_word' id='word_1_373' title='bbox 476 2478 548 2509; x_wconf 91' lang='lat' dir='ltr'>qua</span> <span class='ocrx_word' id='word_1_374' title='bbox 572 2470 725 2502; x_wconf 85' lang='lat' dir='ltr'>materia</span> 
     </span>
    </p>

    <p class='ocr_par' dir='ltr' id='par_1_18' title="bbox 465 2573 986 2618">
     <span class='ocr_line' id='line_1_43' title="bbox 465 2573 986 2618; baseline 0 -9"><span class='ocrx_word' id='word_1_375' title='bbox 465 2575 477 2597; x_wconf 75' lang='lat'>1</span> <span class='ocrx_word' id='word_1_376' title='bbox 504 2576 546 2608; x_wconf 85' lang='lat' dir='ltr'>III</span> <span class='ocrx_word' id='word_1_377' title='bbox 572 2575 643 2616; x_wconf 90' lang='lat' dir='ltr'>(PL</span> <span class='ocrx_word' id='word_1_378' title='bbox 670 2577 723 2616; x_wconf 88' lang='grc'>40,</span> <span class='ocrx_word' id='word_1_379' title='bbox 751 2576 828 2616; x_wconf 84' lang='grc'><strong>761,</strong></span> <span class='ocrx_word' id='word_1_380' title='bbox 854 2586 887 2609; x_wconf 93' lang='lat' dir='ltr'>n.</span> <span class='ocrx_word' id='word_1_381' title='bbox 916 2573 986 2618; x_wconf 81' lang='lat'>25).</span> 
     </span>
    </p>

    <p class='ocr_par' dir='ltr' id='par_1_19' title="bbox 325 2628 1994 3039">
     <span class='ocr_line' id='line_1_44' title="bbox 464 2628 1992 2674; baseline 0.002 -12"><span class='ocrx_word' id='word_1_382' title='bbox 464 2628 483 2651; x_wconf 75' lang='lat'>2</span> <span class='ocrx_word' id='word_1_383' title='bbox 505 2629 574 2662; x_wconf 91' lang='lat' dir='ltr'>Cfr.</span> <span class='ocrx_word' id='word_1_384' title='bbox 602 2629 754 2669; x_wconf 67' lang='lat' dir='ltr'>Arist,</span> <span class='ocrx_word' id='word_1_385' title='bbox 784 2629 864 2662; x_wconf 81' lang='lat' dir='ltr'>Met.</span> <span class='ocrx_word' id='word_1_386' title='bbox 892 2629 947 2669; x_wconf 89' lang='lat' dir='ltr'>VI,</span> <span class='ocrx_word' id='word_1_387' title='bbox 978 2630 1036 2669; x_wconf 84' lang='lat'>15;</span> <span class='ocrx_word' id='word_1_388' title='bbox 1075 2630 1113 2669; x_wconf 85' lang='lat' dir='ltr'>X,</span> <span class='ocrx_word' id='word_1_389' title='bbox 1144 2631 1158 2662; x_wconf 93' lang='lat'>1</span> <span class='ocrx_word' id='word_1_390' title='bbox 1195 2629 1280 2670; x_wconf 89' lang='lat' dir='ltr'>(VII,</span> <span class='ocrx_word' id='word_1_391' title='bbox 1307 2632 1395 2664; x_wconf 89' lang='lat' dir='ltr'>text.</span> <span class='ocrx_word' id='word_1_392' title='bbox 1424 2632 1486 2670; x_wconf 79' lang='lat'>54;</span> <span class='ocrx_word' id='word_1_393' title='bbox 1526 2632 1579 2671; x_wconf 87' lang='lat' dir='ltr'>XI,</span> <span class='ocrx_word' id='word_1_394' title='bbox 1610 2631 1661 2671; x_wconf 89' lang='lat'>1);</span> <span class='ocrx_word' id='word_1_395' title='bbox 1700 2633 1992 2674; x_wconf 82' lang='lat' dir='ltr'>Porphyrius,</span> 
     </span>
     <span class='ocr_line' id='line_1_45' title="bbox 326 2680 1993 2726; baseline 0.002 -12"><span class='ocrx_word' id='word_1_396' title='bbox 326 2682 376 2714; x_wconf 74' lang='lat' dir='ltr'>De</span> <span class='ocrx_word' id='word_1_397' title='bbox 402 2683 574 2715; x_wconf 63' lang='lat' dir='ltr'>Praedia·</span> <span class='ocrx_word' id='word_1_398' title='bbox 601 2680 666 2724; x_wconf 92' lang='lat' dir='ltr'>(De</span> <span class='ocrx_word' id='word_1_399' title='bbox 688 2683 1009 2715; x_wconf 76' lang='lat' dir='ltr'>communitatibus</span> <span class='ocrx_word' id='word_1_400' title='bbox 1032 2684 1067 2715; x_wconf 89' lang='lat' dir='ltr'>et</span> <span class='ocrx_word' id='word_1_401' title='bbox 1087 2683 1300 2716; x_wconf 82' lang='lat' dir='ltr'>differentiis</span> <span class='ocrx_word' id='word_1_402' title='bbox 1322 2684 1486 2723; x_wconf 84' lang='lat' dir='ltr'>Generis]</span> <span class='ocrx_word' id='word_1_403' title='bbox 1515 2685 1679 2723; x_wconf 89' lang='lat' dir='ltr'>„Genera</span> <span class='ocrx_word' id='word_1_404' title='bbox 1705 2686 1847 2726; x_wconf 88' lang='lat' dir='ltr'>quidem</span> <span class='ocrx_word' id='word_1_405' title='bbox 1873 2686 1993 2726; x_wconf 84' lang='lat' dir='ltr'>priora</span> 
     </span>
     <span class='ocr_line' id='line_1_46' title="bbox 326 2736 1993 2779; baseline 0.002 -12"><span class='ocrx_word' id='word_1_406' title='bbox 326 2736 409 2767; x_wconf 82' lang='lat' dir='ltr'>sunt</span> <span class='ocrx_word' id='word_1_407' title='bbox 434 2736 478 2768; x_wconf 89' lang='lat' dir='ltr'>iis</span> <span class='ocrx_word' id='word_1_408' title='bbox 506 2745 598 2775; x_wconf 90' lang='lat' dir='ltr'>quae</span> <span class='ocrx_word' id='word_1_409' title='bbox 626 2737 708 2768; x_wconf 87' lang='lat' dir='ltr'>sunt</span> <span class='ocrx_word' id='word_1_410' title='bbox 733 2736 799 2768; x_wconf 90' lang='lat' dir='ltr'>sub</span> <span class='ocrx_word' id='word_1_411' title='bbox 826 2745 866 2768; x_wconf 91' lang='lat' dir='ltr'>se</span> <span class='ocrx_word' id='word_1_412' title='bbox 893 2736 1035 2776; x_wconf 86' lang='lat' dir='ltr'>positae</span> <span class='ocrx_word' id='word_1_413' title='bbox 1061 2736 1295 2769; x_wconf 82' lang='lat' dir='ltr'>differentiis:</span> <span class='ocrx_word' id='word_1_414' title='bbox 1333 2739 1483 2778; x_wconf 88' lang='lat' dir='ltr'>propter</span> <span class='ocrx_word' id='word_1_415' title='bbox 1509 2739 1604 2778; x_wconf 91' lang='lat' dir='ltr'>quod</span> <span class='ocrx_word' id='word_1_416' title='bbox 1631 2739 1734 2771; x_wconf 92' lang='lat' dir='ltr'>simul</span> <span class='ocrx_word' id='word_1_417' title='bbox 1762 2739 1904 2779; x_wconf 85' lang='lat' dir='ltr'>quidem</span> <span class='ocrx_word' id='word_1_418' title='bbox 1931 2747 1993 2771; x_wconf 85' lang='lat' dir='ltr'>eas</span> 
     </span>
     <span class='ocr_line' id='line_1_47' title="bbox 327 2789 1993 2837; baseline 0.002 -17"><span class='ocrx_word' id='word_1_419' title='bbox 327 2789 503 2828; x_wconf 78' lang='lat' dir='ltr'>auferunt,</span> <span class='ocrx_word' id='word_1_420' title='bbox 530 2798 600 2822; x_wconf 86' lang='lat' dir='ltr'>non</span> <span class='ocrx_word' id='word_1_421' title='bbox 628 2790 747 2821; x_wconf 88' lang='lat' dir='ltr'>autem</span> <span class='ocrx_word' id='word_1_422' title='bbox 774 2790 877 2821; x_wconf 91' lang='lat' dir='ltr'>simul</span> <span class='ocrx_word' id='word_1_423' title='bbox 904 2789 1114 2822; x_wconf 90' lang='lat' dir='ltr'>auferuntur</span> <span class='ocrx_word' id='word_1_424' title='bbox 1140 2790 1185 2837; x_wconf 74' lang='lat' dir='ltr'>ab</span> <span class='ocrx_word' id='word_1_425' title='bbox 1218 2790 1288 2828; x_wconf 88' lang='lat' dir='ltr'>eis;</span> <span class='ocrx_word' id='word_1_426' title='bbox 1326 2791 1469 2823; x_wconf 88' lang='lat' dir='ltr'>sublato</span> <span class='ocrx_word' id='word_1_427' title='bbox 1508 2792 1601 2823; x_wconf 91' lang='lat' dir='ltr'>enim</span> <span class='ocrx_word' id='word_1_428' title='bbox 1641 2792 1795 2832; x_wconf 89' lang='lat' dir='ltr'>animali,</span> <span class='ocrx_word' id='word_1_429' title='bbox 1835 2792 1993 2824; x_wconf 80' lang='lat' dir='ltr'>aufertur</span> 
     </span>
     <span class='ocr_line' id='line_1_48' title="bbox 325 2842 1991 2886; baseline 0.002 -12"><span class='ocrx_word' id='word_1_430' title='bbox 325 2842 502 2874; x_wconf 84' lang='lat' dir='ltr'>rationale</span> <span class='ocrx_word' id='word_1_431' title='bbox 539 2843 574 2874; x_wconf 87' lang='lat' dir='ltr'>et</span> <span class='ocrx_word' id='word_1_432' title='bbox 608 2843 831 2881; x_wconf 86' lang='lat' dir='ltr'>irrationale;</span> <span class='ocrx_word' id='word_1_433' title='bbox 870 2842 1097 2874; x_wconf 74' lang='lat' dir='ltr'>differentiae</span> <span class='ocrx_word' id='word_1_434' title='bbox 1130 2851 1218 2875; x_wconf 89' lang='lat' dir='ltr'>vero</span> <span class='ocrx_word' id='word_1_435' title='bbox 1252 2852 1322 2875; x_wconf 91' lang='lat' dir='ltr'>non</span> <span class='ocrx_word' id='word_1_436' title='bbox 1356 2844 1509 2884; x_wconf 88' lang='lat' dir='ltr'>amplius</span> <span class='ocrx_word' id='word_1_437' title='bbox 1536 2844 1639 2876; x_wconf 90' lang='lat' dir='ltr'>simul</span> <span class='ocrx_word' id='word_1_438' title='bbox 1665 2845 1833 2877; x_wconf 88' lang='lat' dir='ltr'>auferunt</span> <span class='ocrx_word' id='word_1_439' title='bbox 1857 2851 1991 2886; x_wconf 87' lang='lat' dir='ltr'>genus;</span> 
     </span>
     <span class='ocr_line' id='line_1_49' title="bbox 326 2896 1994 2939; baseline 0.002 -12"><span class='ocrx_word' id='word_1_440' title='bbox 326 2904 408 2927; x_wconf 90' lang='lat' dir='ltr'>nam</span> <span class='ocrx_word' id='word_1_441' title='bbox 435 2896 503 2928; x_wconf 89' lang='lat' dir='ltr'>etsi</span> <span class='ocrx_word' id='word_1_442' title='bbox 530 2904 654 2928; x_wconf 90' lang='lat' dir='ltr'>omnes</span> <span class='ocrx_word' id='word_1_443' title='bbox 688 2896 944 2935; x_wconf 85' lang='lat' dir='ltr'>interimantur,</span> <span class='ocrx_word' id='word_1_444' title='bbox 984 2897 1104 2928; x_wconf 91' lang='lat' dir='ltr'>tamen</span> <span class='ocrx_word' id='word_1_445' title='bbox 1142 2896 1345 2929; x_wconf 87' lang='lat' dir='ltr'>substantia</span> <span class='ocrx_word' id='word_1_446' title='bbox 1383 2897 1541 2929; x_wconf 88' lang='lat' dir='ltr'>animata</span> <span class='ocrx_word' id='word_1_447' title='bbox 1577 2898 1752 2930; x_wconf 85' lang='lat' dir='ltr'>sensitiva</span> <span class='ocrx_word' id='word_1_448' title='bbox 1787 2898 1994 2939; x_wconf 88' lang='lat' dir='ltr'>intelligitur</span> 
     </span>
     <span class='ocr_line' id='line_1_50' title="bbox 328 2946 1991 2990; baseline 0.001 -10"><span class='ocrx_word' id='word_1_449' title='bbox 328 2956 420 2987; x_wconf 89' lang='lat' dir='ltr'>quae</span> <span class='ocrx_word' id='word_1_450' title='bbox 448 2950 504 2980; x_wconf 83' lang='lat' dir='ltr'>est</span> <span class='ocrx_word' id='word_1_451' title='bbox 530 2946 694 2980; x_wconf 83' lang='lat' dir='ltr'>animal“.</span> <span class='ocrx_word' id='word_1_452' title='bbox 747 2948 816 2981; x_wconf 77' lang='lat' dir='ltr'>Cir.</span> <span class='ocrx_word' id='word_1_453' title='bbox 844 2949 970 2980; x_wconf 83' lang='lat' dir='ltr'>etiam:</span> <span class='ocrx_word' id='word_1_454' title='bbox 997 2948 1104 2980; x_wconf 77' lang='lat' dir='ltr'>Liber</span> <span class='ocrx_word' id='word_1_455' title='bbox 1130 2948 1174 2980; x_wconf 82' lang='lat' dir='ltr'>de</span> <span class='ocrx_word' id='word_1_456' title='bbox 1199 2948 1343 2987; x_wconf 75' lang='lat' dir='ltr'>causis,</span> <span class='ocrx_word' id='word_1_457' title='bbox 1381 2958 1484 2990; x_wconf 89' lang='lat' dir='ltr'>prop.</span> <span class='ocrx_word' id='word_1_458' title='bbox 1515 2950 1542 2982; x_wconf 86' lang='lat'>1.</span> <span class='ocrx_word' id='word_1_459' title='bbox 1593 2950 1682 2982; x_wconf 91' lang='lat' dir='ltr'>Vide</span> <span class='ocrx_word' id='word_1_460' title='bbox 1709 2951 1883 2988; x_wconf 76' lang='lat' dir='ltr'>Bonav..</span> <span class='ocrx_word' id='word_1_461' title='bbox 1927 2950 1991 2990; x_wconf 85' lang='lat' dir='ltr'>Op.</span> 
     </span>
     <span class='ocr_line' id='line_1_51' title="bbox 327 2999 603 3039; baseline 0 -8"><span class='ocrx_word' id='word_1_462' title='bbox 327 3008 425 3033; x_wconf 77' lang='lat' dir='ltr'>omn.</span> <span class='ocrx_word' id='word_1_463' title='bbox 453 3001 490 3039; x_wconf 88' lang='lat' dir='ltr'>II,</span> <span class='ocrx_word' id='word_1_464' title='bbox 519 3001 561 3033; x_wconf 82' lang='lat'>95</span> <span class='ocrx_word' id='word_1_465' title='bbox 577 2999 603 3031; x_wconf 85' lang='lat'>2.</span> 
     </span>
    </p>

    <p class='ocr_par' dir='ltr' id='par_1_20' title="bbox 465 3052 1647 3094">
     <span class='ocr_line' id='line_1_52' title="bbox 465 3052 1647 3094; baseline 0.003 -8"><span class='ocrx_word' id='word_1_466' title='bbox 465 3052 478 3074; x_wconf 84' lang='lat'>³</span> <span class='ocrx_word' id='word_1_467' title='bbox 505 3054 612 3094; x_wconf 79' lang='lat' dir='ltr'>Phys.</span> <span class='ocrx_word' id='word_1_468' title='bbox 640 3054 662 3091; x_wconf 84' lang='grc' dir='ltr'>Ι,</span> <span class='ocrx_word' id='word_1_469' title='bbox 691 3055 709 3085; x_wconf 79' lang='grc'><strong>6</strong></span> <span class='ocrx_word' id='word_1_470' title='bbox 736 3053 837 3093; x_wconf 86' lang='lat' dir='ltr'>(text.</span> <span class='ocrx_word' id='word_1_471' title='bbox 866 3055 934 3092; x_wconf 82' lang='lat'>50).</span> <span class='ocrx_word' id='word_1_472' title='bbox 1077 3054 1090 3076; x_wconf 85' lang='lat'><strong>⁴</strong></span> <span class='ocrx_word' id='word_1_473' title='bbox 1117 3054 1186 3092; x_wconf 85' lang='lat' dir='ltr'>VH,</span> <span class='ocrx_word' id='word_1_474' title='bbox 1215 3055 1234 3086; x_wconf 79' lang='lat' dir='ltr'>ss</span> <span class='ocrx_word' id='word_1_475' title='bbox 1262 3053 1332 3092; x_wconf 73' lang='lat' dir='ltr'>(Pl.</span> <span class='ocrx_word' id='word_1_476' title='bbox 1358 3056 1411 3091; x_wconf 78' lang='lat'>34.</span> <span class='ocrx_word' id='word_1_477' title='bbox 1439 3056 1515 3093; x_wconf 79' lang='lat'>359,</span> <span class='ocrx_word' id='word_1_478' title='bbox 1543 3065 1574 3088; x_wconf 90' lang='lat' dir='ltr'>n.</span> <span class='ocrx_word' id='word_1_479' title='bbox 1603 3056 1647 3093; x_wconf 84' lang='grc'>9).</span> 
     </span>
    </p>
   </div>
  </div>
 </body>
</html>
