2095 3459
335 226 379 261 54
852 226 871 258 J
876 225 1029 258 ohannis
1054 224 1222 257 Pechami
1250 224 1501 261 Quaestiones.

335 325 416 362 alia
436 333 607 360 numero
629 322 897 369 grammatica
916 322 956 358 in
978 331 1042 358 me
1065 323 1105 358 et
1123 321 1162 357 in
1185 322 1234 357 te.
1261 321 1415 357 Tamen
1436 321 1506 357 lux
1527 321 1793 357 manifestans
1813 321 2012 366 principia

337 383 517 420 omnium
536 384 699 419 actuum
721 383 784 418 est
805 391 887 417 una
906 382 948 417 in
969 381 1169 417 omnibus.
1203 380 1306 421 Quia
1326 380 1445 425 igitur
1465 390 1582 416 mens
1604 380 1789 425 discipuli
1811 380 2011 416 excitatur

336 442 388 478 ad
414 442 535 477 istam
560 442 694 477 lucem
720 450 795 486 per
823 441 1046 480 doctorem,
1073 439 1166 476 ideo
1194 439 1339 475 dicitur
1364 449 1446 475 una
1472 439 1655 477 scientia.
1687 440 1727 475 et
1752 440 1889 475 tamen
1916 440 2013 475 nata

336 501 493 537 istade
520 500 597 536 illa.
650 500 853 545 Quidquid
880 501 1019 536 tamen
1045 499 1269 535 formaliter
1296 500 1360 534 est
1397 498 1437 533 in
1477 499 1659 543 utroque,
1699 499 1934 534 numeratur
1970 498 2011 534 in

337 562 521 605 utroque.
572 560 691 596 Unde
718 559 985 604 proculdubio
1013 559 1244 603 exemplum
1272 568 1353 593 non
1382 558 1446 593 est
1472 557 1692 594 sufficiens.
2031 564 2047 589 5

477 620 509 654 4.
536 618 599 655 Ad
626 620 813 664 quartum
841 619 1057 655 dicendum
1086 617 1194 662 quod
1221 617 1384 662 species
1412 618 1505 652 sunt
1540 617 1718 653 totaliter
1753 626 1922 653 numero
1958 617 2013 653 di-

338 682 512 714 versael
541 678 646 714 sicut
673 678 752 714 duo
778 678 881 714 radii
907 687 932 714 a
959 678 1058 718 sole⁷
1094 678 1133 713 et
1171 676 1422 712 conveniunt
1460 676 1565 712 sicut
1602 686 1724 712 unum
1762 676 2013 715 individuum

339 737 534 774 convenit
559 747 651 774 cum
677 737 757 773 alio
787 737 973 773 eiusdem
1000 736 1166 781 speciei.
1216 735 1334 771 Unde
1362 735 1541 771 totaliter
1575 735 1711 771 differt
1745 735 1784 771 in
1819 735 2014 781 singulari

339 807 446 839 esse,
475 798 516 833 et
541 796 721 833 totaliter
747 796 943 833 convenit
968 796 1009 831 in
1036 795 1191 840 speciei
1219 794 1490 846 similitudine.
1531 794 1641 831 Sicut
1671 796 1734 830 est
1760 794 1799 830 in
1827 795 1945 831 Petro
1973 796 2014 831 et

339 857 474 898 Paulo,
514 856 581 901 qui
608 856 861 892 conveniunt
893 855 934 891 in
967 855 1107 900 specie
1134 854 1198 890 vel
1226 855 1265 890 in
1294 854 1523 890 substantia
1550 853 1753 889 communi
1780 854 1945 899 speciei,
1973 856 2014 891 et
2035 865 2066 891 10

339 915 533 952 differunt
558 916 599 952 in
627 915 857 951 substantia
882 914 1130 950 individuali.

480 976 512 1011 5.
539 975 602 1011 Ad
628 975 812 1020 quintum
838 973 1104 1017 <dicendum>
1131 974 1238 1018 quod
1265 982 1346 1008 non
1375 974 1437 1007 est
1475 972 1636 1017 species
1673 972 1888 1018 singularis
1926 972 2014 1009 sine

341 1035 482 1080 specie
517 1034 776 1070 universalis.
827 1034 916 1070 Non
957 1034 1020 1069 est
1059 1033 1166 1069 enim
1205 1032 1367 1077 species
1406 1031 1523 1067 huius
1561 1031 1707 1076 lapidis
1747 1031 1835 1068 sine
1875 1031 2013 1077 specie

340 1093 498 1139 lapidis,
535 1094 721 1138 quamvis
760 1094 929 1129 econtra
957 1093 1119 1138 species
1147 1092 1292 1137 lapidis
1320 1092 1463 1136 posset
1490 1100 1585 1127 esse
1614 1091 1702 1127 sine
1730 1091 1868 1136 specie
1895 1091 2013 1128 huius

340 1152 499 1198 lapidis.
526 1152 627 1189 Dico
642 1153 762 1198 igitur
777 1152 884 1197 quod
902 1152 1006 1188 duae
1026 1151 1187 1196 species
1209 1150 1473 1196 particulares
1495 1150 1639 1195 lapidis
1660 1150 1813 1186 habent
1834 1150 2014 1195 speciem
2036 1160 2067 1185 15

341 1212 619 1248 universalem
657 1212 803 1256 lapidis
842 1211 883 1247 in
924 1221 980 1248 se.
1020 1220 1098 1247 nec
1136 1211 1273 1246 tamen
1310 1210 1350 1245 in
1386 1209 1597 1251 infinitum,
1637 1209 1828 1254 quoniam
1861 1209 2016 1254 speciei

343 1270 600 1312 universalis,
629 1280 734 1315 quae
757 1272 820 1306 θεῖ
840 1271 881 1306 in
902 1271 1038 1306 animo
1059 1271 1127 1306 tuo
1150 1270 1189 1304 et
1210 1269 1365 1314 speciei
1386 1269 1581 1309 eiusdem,
1609 1277 1713 1313 quae
1736 1269 1799 1304 est
1817 1268 1858 1304 in
1878 1269 2014 1305 animo

342 1339 447 1371 meo,
474 1330 572 1366 nihil
599 1331 662 1366 est
689 1330 911 1375 simplicius
940 1339 988 1365 eo
1017 1329 1057 1365 in
1085 1329 1150 1364 illo
1178 1337 1342 1374 genere.
1393 1327 1510 1364 Unde
1546 1337 1629 1363 non
1665 1328 1801 1372 potest
1834 1328 2015 1366 abstrahi

341 1389 421 1425 nisi
460 1389 623 1435 species
661 1389 801 1425 similis
839 1389 1035 1427 eiusdem,
1076 1388 1153 1424 nisi
1191 1387 1295 1424 forte
1334 1388 1510 1423 mutetur
1545 1387 1688 1422 modus
1728 1387 2014 1423 abstractionis

341 1449 381 1485 in
407 1458 476 1485 res
504 1449 714 1485 secundae
741 1448 992 1487 intentionis,
1028 1449 1071 1483 ut
1106 1457 1130 1483 a
1163 1446 1422 1483 similitudine
1457 1446 1601 1491 lapidis
1628 1446 1887 1482 abstrahatur
1911 1446 2014 1483 ratio
2035 1453 2068 1479 20

342 1508 497 1553 speciei
524 1509 565 1544 et
590 1517 674 1544 non
700 1508 804 1543 ratio
832 1507 1087 1543 universalis.
1138 1505 1301 1542 Certum
1330 1506 1435 1542 enim
1464 1506 1527 1541 est
1563 1506 1671 1550 quod
1697 1515 1722 1541 a
1746 1505 1905 1542 ratione
1932 1506 2016 1541 uni-

342 1567 515 1604 versalis
543 1567 640 1603 nihil
667 1568 805 1612 potest
831 1567 1011 1603 abstrahi
1041 1565 1273 1611 simplicius.

483 1628 514 1662 6.
542 1626 604 1662 Ad
632 1628 795 1662 sextum
816 1626 1081 1668 <dicendum>
1102 1624 1210 1670 quod
1237 1625 1399 1669 species
1427 1624 1687 1669 intelligibilis
1716 1623 1849 1660 differt
1876 1633 2016 1660 essen—

343 1686 492 1722 tialiter
518 1695 543 1722 a
576 1685 719 1726 forma,
758 1694 864 1730 quae
902 1686 966 1720 est
1000 1684 1040 1720 in
1076 1684 1256 1724 materia,
1291 1685 1331 1720 θῖ
1356 1683 1465 1719 ducit
1491 1683 1530 1718 in
1558 1683 1834 1729 cognitionem
1861 1683 1948 1719 eius
1974 1683 2015 1719 in

344 1746 538 1790 quantum
554 1744 707 1781 similis.
734 1744 818 1780 Nec
833 1744 996 1788 oportet
1009 1743 1118 1788 quod
1133 1743 1507 1788 praecognoscatur
1528 1752 1624 1778 esse
1646 1742 1798 1783 similis,
1820 1742 1913 1786 quia
1933 1752 2015 1778 non
2035 1748 2068 1773 ‘25

344 1805 409 1840 est
434 1803 614 1849 cognitio
642 1803 833 1839 collativa
858 1803 1004 1847 lapidis
1031 1811 1104 1846 per
1125 1802 1316 1846 speciem.
1366 1800 1558 1843 Quamvis
1582 1800 1689 1837 enim
1710 1801 1894 1837 conterat
1912 1802 2014 1838 ratio

344 1864 395 1900 de
417 1863 553 1908 lapide
574 1872 648 1908 per
669 1862 863 1907 speciem,
890 1872 973 1898 non
1000 1863 1137 1897 tamen
1164 1870 1256 1896 cum
1282 1860 1494 1906 cognoscit
1519 1860 1696 1905 lapidem
1722 1870 1795 1905 per
1823 1860 2014 1906 speciem,

344 1922 504 1959 confert
530 1922 713 1967 speciem
740 1921 874 1966 lapidi,
911 1921 1033 1956 immo
1060 1930 1141 1956 una
1168 1919 1442 1956 conversione
1469 1920 1671 1955 convertit
1698 1929 1743 1955 se
1771 1929 1895 1964 super
1926 1930 2016 1965 spe-

345 1982 461 2018 ciem.
511 1981 559 2017 Et
585 1980 770 2017 similiter
797 1981 861 2016 est
886 1980 926 2015 in
954 1989 1091 2015 sensu.
1142 1978 1218 2015 Ubi
1244 1980 1379 2014 autem
1407 1980 1470 2015 est
1496 1978 1674 2024 cognitio
1707 1978 1896 2014 collativa
1921 1979 2016 2015 ima-

345 2040 472 2086 ginati
510 2049 583 2085 per
621 2039 854 2085 imaginem,
904 2039 1066 2083 oportet
1103 2038 1145 2073 ut
1182 2047 1256 2082 per
1293 2037 1413 2073 aliam
1451 2037 1557 2073 viam
1595 2037 1704 2082 prius
1744 2038 2016 2083 cognoscatur
2035 2047 2068 2073 30

344 2099 620 2145 imaginatum.

484 2160 517 2195 7.
553 2158 614 2194 Ad
651 2158 867 2203 septimum
894 2157 1159 2199 <dicendum>
1186 2156 1293 2200 quod
1330 2155 1561 2191 universale
1596 2165 1678 2191 non
1706 2156 1769 2191 est
1800 2156 1839 2191 in
1870 2156 2015 2197 anima,

347 2219 421 2255 sed
443 2217 662 2254 similitudo
685 2217 789 2259 eius;
818 2217 892 2253 sed
913 2216 1017 2252 sicut
1037 2215 1242 2261 singulare
1263 2215 1304 2250 in
1325 2216 1468 2250 natura
1487 2224 1570 2251 non
1592 2215 1655 2251 est
1675 2214 1763 2250 sine
1784 2214 2015 2255 universali,

346 2278 403 2314 ita
422 2286 500 2313 nec
521 2276 683 2321 species
706 2276 923 2321 singularis
945 2275 1034 2311 sine
1054 2274 1192 2320 specie
1210 2273 1464 2310 universalis.
1492 2274 1648 2318 Recipit
1668 2283 1765 2319 ergo
1786 2273 2015 2309 intellectus

348 2336 511 2381 species
547 2335 861 2380 particularium.
911 2334 1039 2371 Aliter
1074 2342 1280 2378 nunquam
1312 2333 1570 2377 praedicaret
1601 2332 1834 2368 universale
1862 2332 1911 2368 de
1939 2332 2016 2368 sin·
2035 2340 2068 2367 35

348 2395 488 2441 gulari.
539 2394 760 2440 Cognoscit
787 2403 885 2440 ergo
913 2392 1182 2439 particularia,
1219 2392 1292 2428 sed
1319 2402 1401 2428 non
1429 2392 1640 2437 cognoscit
1666 2401 1716 2427 ea
1741 2400 1814 2437 per
1839 2391 2016 2427 intellec-

349 2455 432 2490 tum
458 2453 523 2489 hic
550 2454 591 2490 et
616 2463 735 2489 nunc.

492 2559 507 2590 1
537 2557 621 2596 alia]
658 2558 688 2590 Β
709 2558 800 2590 alius
899 2557 986 2589 1——2
1014 2556 1193 2597 principia
1220 2554 1388 2594 omnium]
1412 2555 1442 2587 Β
1474 2555 1664 2595 principun
1695 2555 1814 2587 omnia
1908 2555 1927 2586 4
1954 2563 2015 2587 nu-

351 2612 509 2644 meratur
534 2611 569 2643 in
595 2609 763 2650 utroque]
789 2610 819 2642 Β
847 2618 918 2642 om.
1016 2610 1034 2641 7
1061 2607 1290 2647 conveniunt]
1319 2608 1347 2640 Β
1372 2608 1637 2648 consequenter
1720 2608 1739 2640 9
1765 2607 1902 2648 speciei
1922 2608 2016 2640 simi-

350 2663 512 2702 litudine]
538 2664 569 2696 B
595 2664 719 2704 specie
745 2662 969 2695 multitudine
1044 2661 1177 2694 12—13
1202 2662 1234 2694 B
1254 2661 1432 2694 convertit
1451 2661 1593 2701 species
1613 2662 1647 2693 et
1664 2660 1787 2701 specie
1861 2661 1901 2693 15
1927 2660 2016 2701 lapi-

352 2716 419 2756 dis]
448 2716 478 2748 A
505 2725 576 2749 om.
676 2717 716 2749 17
745 2715 791 2755 et]
816 2716 848 2748 Β
873 2724 939 2756 pro
1037 2715 1078 2747 18
1105 2713 1196 2752 meo]
1223 2715 1253 2746 Β
1279 2714 1312 2746 in
1372 2713 1456 2753 non]
1481 2714 1512 2746 B
1537 2714 1622 2746 nihil
1689 2712 1821 2754 potest]
1846 2714 1877 2746 B
1905 2713 1943 2751 -ὗ-
1971 2713 2016 2746 ab

352 2771 422 2803 illis
497 2770 537 2803 19
566 2768 740 2808 eiusdem]
766 2770 797 2801 B
820 2768 858 2806 4-
882 2769 1044 2801 eiusdem
1123 2767 1165 2800 20
1191 2769 1226 2800 in
1252 2776 1311 2800 res
1338 2767 1518 2800 secundae
1544 2766 1761 2805 intentionis,
1787 2767 1825 2798 ut
1851 2775 1872 2799 a
1897 2766 2016 2799 simili-

352 2824 476 2856 tudine
502 2824 633 2864 lapidis
661 2823 893 2855 abstrahatur
917 2821 1021 2860 ratio]
1047 2822 1078 2853 B
1105 2830 1175 2853 om.
1202 2821 1266 2853 sed
1292 2820 1416 2853 addit:
1443 2820 1579 2861 speciei
1604 2820 1639 2852 et
1663 2828 1735 2852 non
1759 2819 1850 2852 ratio
1877 2820 2016 2852 univer-

353 2876 441 2909 salis
539 2876 581 2909 2ss
608 2874 783 2914 conferat]
809 2874 838 2907 A
859 2876 888 2907 <fs
908 2875 938 2906 Β
964 2874 1103 2906 confert
1198 2874 1240 2906 27
1273 2874 1392 2905 tamen
1427 2881 1506 2905 cum
1540 2872 1727 2914 cognoscit
1761 2872 1916 2913 lapidem
1951 2881 2017 2912 per

354 2928 527 2970 speciem]
564 2929 594 2960 A
622 2937 693 2961 om.
803 2928 845 2960 28
872 2926 1023 2966 confert]
1049 2923 1090 2958 ‘A
1112 2928 1141 2960 ὢ
1159 2927 1190 2959 Β
1209 2926 1372 2959 conferat
1476 2926 1518 2958 30
1545 2924 1749 2966 imaginem]
1783 2925 1809 2957 A
1845 2925 2016 2966 imagina-

354 2983 489 3015 tionem
562 2982 604 3014 33
631 2980 734 3020 sicut]
762 2981 793 3012 A
820 2981 899 3013 sine
980 2980 1022 3012 34
1048 2979 1111 3019 ita]
1132 2979 1163 3011 A
1183 2979 1240 3011 vel
1322 2979 1364 3011 36
1391 2978 1587 3019 cognoscit]
1615 2977 1645 3010 A
1667 2979 1696 3011 <e
1715 2978 1746 3010 Β
1765 2977 2015 3019 cognoscentis

495 3082 506 3104 1
534 3082 603 3115 Cir.
631 3082 873 3120 Avicenna,
900 3081 1062 3121 Metaph.
1088 3079 1129 3119 V,
1157 3079 1193 3117 2;
1219 3080 1388 3119 Bonav.,
1418 3080 1481 3119 Op.
1510 3088 1607 3111 omn.
1635 3079 1671 3117 11,
1701 3079 1765 3110 447
1784 3079 1805 3111 b
1832 3078 1893 3117 (4).
