2095 3459
822 188 996 225 Quaestio
1023 187 1060 221 11.
1744 189 1789 224 25

104 285 199 331 quia
226 295 307 321 non
336 286 457 322 vocat
484 286 695 322 materiam
722 285 800 321 nisi
826 285 1045 330 privationi
1073 286 1344 323 coniunctam.
1389 287 1478 324 Non
1504 289 1641 324 autem
1663 290 1788 335 negat

104 354 175 381 eas
203 345 381 386 <habere
410 345 645 386 materiam>
673 345 777 381 sicut
794 347 807 388 Η
826 355 904 381 nec
931 345 1089 381 caelum
1118 346 1270 382 habere
1299 347 1539 383 subiectum.

242 406 274 440 6.
302 405 363 440 Ad
391 405 555 440 sextum
581 404 848 447 <dicendum>
876 405 983 451 quod
1012 414 1065 440 ex
1092 405 1252 441 ratione
1279 406 1468 452 imaginis
1508 407 1691 452 sequitur
1718 408 1786 444 im-

104 463 341 503 mortalitas.
369 464 464 508 quia
490 464 626 501 anima
653 464 787 509 imago
816 465 880 500 est
900 464 974 500 Dei
1000 464 1040 500 in
1068 466 1263 509 quantum
1291 475 1434 510 capax.
1480 466 1621 512 Capax
1648 468 1785 503 autem

67 525 82 550 5
103 524 167 559 est
202 532 296 559 esse
335 523 555 569 imaginem
583 523 657 559 Dei
684 533 767 559 non
795 523 873 559 nisi
900 533 973 568 per
1000 524 1206 568 potentias
1234 534 1334 569 pure
1361 525 1647 567 intellectivas,
1675 527 1784 563 nullo

51 827 82 853 10

49 1125 79 1150 15

46 1421 79 1446 20

45 2021 78 2046 30

45 2317 78 2342 35

45 2612 79 2638 40

102 583 224 619 modo
252 592 342 618 cum
371 592 544 627 corpore
573 583 937 625 communicantes,
966 584 1006 619 et
1031 583 1087 619 ita
1107 593 1181 629 per
1203 594 1466 630 consequens
1488 586 1539 621 ab
1561 586 1650 630 ipso
1673 586 1784 622 inde-

100 642 345 686 pendentes.
395 642 479 678 Nec
507 644 571 678 est
598 642 729 679 simile
756 643 808 679 de
836 652 1021 687 corpore,
1049 643 1144 688 quia
1171 644 1292 679 homo
1321 645 1429 680 totus
1467 646 1530 681 est
1553 645 1687 691 imago
1724 655 1786 682 ra—

102 701 214 737 tione
242 701 416 737 animae.

240 760 448 797 Haeretici
474 762 623 802 autem,
652 761 719 806 qui
746 763 904 806 ponunt
930 762 1107 798 animam
1136 770 1227 798 cum
1248 773 1422 808 corpore
1443 764 1611 801 interne
1633 765 1673 800 et
1694 775 1785 801 cum

101 820 191 865 ipso
218 829 449 866 resurgere,
478 822 616 857 errant
643 821 808 866 quidem
835 821 1017 866 turpiter,
1057 831 1304 867 quamquam
1343 823 1476 859 minus
1511 824 1635 870 longe
1663 834 1785 869 quam

98 879 301 916 rationem
323 880 363 916 et
379 879 726 916 immortalitatem
739 881 1010 927 abnegantes.
1039 881 1156 922 Quod
1177 884 1315 918 autem
1334 882 1431 918 dicit
1445 883 1783 920 Damascenus

99 948 182 975 non
204 948 300 975 esse
321 939 362 975 in
384 940 574 976 creatura
594 939 826 986 imaginem,
853 940 1102 976 intrinsecus
1133 941 1322 987 intelligit
1340 941 1381 978 id
1403 943 1467 978 est
1486 942 1783 979 invertibiliter-

238 1000 270 1034 7.
297 998 359 1034 Ad
387 999 606 1043 septimum
632 1000 756 1044 patet.

237 1059 270 1094 8.
297 1057 360 1094 Ad
388 1058 580 1094 octavum
607 1059 826 1095 dicendum
854 1059 963 1104 quod
986 1059 1108 1096 Immo
1131 1060 1340 1106 deperiret
1362 1060 1517 1097 iustitia
1537 1062 1588 1098 ad
1610 1063 1783 1107 tempus,

99 1117 134 1154 si
159 1117 296 1154 anima
322 1117 363 1153 in
389 1118 532 1159 morte,
560 1119 724 1163 quando
753 1126 911 1155 summe
939 1118 1067 1165 diligit
1092 1118 1235 1160 Deum,
1262 1120 1445 1165 privatur
1471 1120 1571 1157 Deo.

236 1178 269 1213 9.
296 1177 357 1213 Ad
373 1187 528 1214 nonum
542 1178 761 1214 dicendum
778 1179 888 1223 quod
906 1178 1089 1214 rationes
1105 1178 1371 1225 Augustini
1390 1181 1500 1216 bene
1522 1181 1782 1217 concludunt.

97 1237 181 1273 Nec
208 1237 402 1282 sequitur,
442 1238 551 1282 quod
579 1237 631 1273 sit
657 1239 829 1274 aeterna
855 1247 880 1274 a
905 1239 1021 1283 parte
1057 1240 1165 1280 ante,
1208 1239 1402 1284 quoniam
1437 1240 1505 1276 est
1542 1240 1783 1285 <in->capax

97 1296 353 1333 aeternitatis
380 1306 405 1333 a
430 1297 546 1342 parte
574 1298 682 1339 ante,
710 1298 784 1333 sed
806 1297 991 1342 sequitur
1011 1299 1053 1334 ut
1073 1298 1225 1334 habeat
1250 1299 1551 1341 aeternitatem,
1579 1301 1782 1344 quatenus

98 1365 190 1392 eam
216 1365 366 1401 capere
392 1357 540 1401 potest.

239 1415 301 1452 Ad
327 1416 359 1452 2.
387 1417 496 1461 quod
523 1416 829 1462 Augustinus
862 1417 914 1453 de
935 1418 1107 1462 utraque
1135 1418 1309 1454 veritate
1335 1418 1524 1463 loquitur,
1552 1418 1646 1463 quia
1672 1418 1783 1455 nulla

97 1475 250 1511 veritas
289 1475 346 1511 ita
383 1475 705 1520 apprehenditur
741 1476 822 1512 nisi
858 1476 1131 1513 illustratione
1168 1477 1352 1513 veritatis
1391 1477 1621 1519 increatae,
1661 1487 1783 1522 quam

97 1534 234 1571 anima
271 1535 433 1581 attingit
458 1535 525 1571 vel
559 1535 843 1580 apprehendit.
893 1535 964 1572 Est
1002 1536 1222 1572 dicendum
1259 1536 1380 1582 igitur
1419 1537 1528 1582 quod
1566 1537 1648 1578 lux,
1686 1536 1783 1573 licet

97 1593 282 1630 increata
320 1604 403 1630 non
438 1594 628 1631 videatur
662 1595 713 1631 ab
752 1595 910 1637 animis,
958 1596 1168 1642 attingitur
1203 1596 1342 1632 tamen
1380 1597 1432 1632 ab
1471 1596 1608 1632 anima
1644 1596 1780 1641 aliquo

97 1653 231 1696 modo,
259 1654 368 1698 quod
389 1654 457 1699 qui
477 1655 677 1700 <negant>
696 1654 920 1690 invalidum
945 1654 1099 1691 faciunt
1127 1656 1167 1691 et
1191 1654 1276 1691 risu
1303 1655 1470 1701 dignum
1496 1656 1781 1701 argumentum

45 1716 60 1742 ε
98 1706 326 1753 Augustini.

238 1767 292 1803 10.
326 1767 388 1803 Ad
415 1767 619 1803 decimum
646 1767 865 1804 dicendum
891 1768 999 1813 quod
1027 1768 1180 1813 duplex
1207 1769 1271 1804 est
1303 1768 1465 1804 animae
1503 1768 1700 1813 operatio,
1739 1769 1782 1804 ut

98 1825 308 1871 distinguit
342 1825 601 1862 Avicenna
635 1826 717 1862 VI.1
743 1826 1032 1863 Naturalium.
1083 1827 1175 1863 Una
1214 1828 1278 1863 est
1316 1837 1390 1872 per
1429 1827 1781 1872 comparationem

97 1885 148 1921 ad
176 1877 324 1930 corpus
352 1885 392 1921 in
431 1886 712 1922 abstrahendo
751 1895 776 1922 a
813 1886 1180 1931 phantasmatibus.
1220 1886 1341 1922 aliam
1379 1886 1504 1922 habet
1541 1886 1781 1922 interiorem

97 1944 363 1991 intelligendo
401 1955 470 1982 res
509 1946 750 1982 abstractas.
813 1946 984 1983 Habitus
1022 1947 1160 1983 autem
1199 1946 1432 1991 specierum
1468 1945 1780 1992 intelligibilium

97 2013 181 2040 non
220 2005 284 2040 est
315 2005 356 2040 in
392 2015 548 2051 organo
577 2005 790 2050 corporali.
840 2005 960 2041 Unde
1000 2005 1114 2047 sicut,
1154 2005 1189 2040 si
1226 2005 1459 2041 intellectus
1499 2006 1672 2050 adeptus
1713 2006 1781 2041 de-

98 2064 325 2099 strueretur
351 2074 477 2100 causa
502 2064 773 2106 instrumenti,
812 2065 909 2100 tunc
947 2074 1038 2101 cum
1075 2064 1391 2101 instrumentum
1416 2064 1570 2101 rediret
1595 2064 1635 2100 in
1663 2074 1779 2100 suam

98 2122 422 2168 dispositionem,
450 2124 564 2160 esset
589 2124 873 2160 necessarium
898 2124 1009 2159 illum
1035 2123 1216 2160 habitum
1242 2124 1468 2169 acquirere.
1509 2123 1590 2160 Sed
1611 2133 1694 2159 non
1716 2123 1779 2159 est

97 2181 162 2218 ita.
190 2181 421 2228 Aliquando
450 2183 560 2219 enim
586 2183 783 2219 convenit
810 2183 1059 2219 contrarium
1087 2184 1162 2219 etc.

236 2241 324 2278 Hoc
351 2241 474 2278 etiam
499 2242 623 2287 patet,
657 2242 850 2287 quoniam
888 2242 929 2278 in
957 2252 1115 2283 somno,
1155 2243 1318 2287 quando
1360 2246 1509 2287 corpus
1548 2242 1776 2287 impeditur,

97 2300 233 2336 anima
251 2301 348 2345 apta
369 2302 433 2337 est
453 2301 666 2346 suscipere
686 2293 983 2346 impressiones
1006 2302 1247 2338 caelestium
1266 2301 1578 2338 revelationum.
1606 2301 1777 2337 Animae

98 2360 221 2396 etiam
245 2360 576 2403 fraeneticorum,
617 2371 710 2397 cum.
735 2361 816 2397 sint
841 2370 971 2406 prope
1008 2361 1326 2406 separationem,
1364 2361 1507 2397 vident
1544 2360 1777 2405 aliquando,

97 2429 203 2465 quae
229 2420 298 2456 alii
323 2420 466 2456 videre
492 2430 577 2457 non
602 2421 786 2466 possent.
836 2420 960 2466 Igitur
986 2430 1069 2456 non
1096 2420 1314 2465 impeditur
1340 2420 1420 2456 nisi
1456 2429 1531 2465 per
1569 2428 1778 2464 compara-

97 2479 252 2515 tionem
277 2480 328 2515 ad
356 2489 516 2525 corpus,
544 2489 622 2516 nec
647 2480 689 2516 in
715 2480 816 2521 aliis,
843 2480 923 2516 nisi
948 2480 988 2515 in
1016 2480 1213 2525 quantum
1238 2479 1279 2515 in
1305 2480 1429 2516 rebus
1456 2478 1775 2524 intelligibilibus

98 2538 317 2583 aliquando
343 2538 500 2585 indiget
524 2539 823 2584 phantasmate.

237 2597 437 2643 Amplius:
465 2598 548 2641 <si>
568 2598 731 2635 offensa
756 2599 830 2640 est,
850 2608 905 2634 ex
930 2598 1191 2634 tribulatione
1220 2597 1402 2643 corporis
1425 2597 1548 2634 etiam
1567 2606 1593 2633 a
1611 2596 1777 2642 propria

99 2658 140 2694 et
166 2667 220 2694 ex
247 2667 293 2694 se
319 2657 481 2693 desistit
506 2657 747 2694 actionibus.

237 2716 420 2762 Amplius
447 2717 499 2753 ad
525 2718 604 2753 hoc
643 2717 706 2753 est
738 2717 931 2762 quoniam
967 2725 1141 2761 corpora
1167 2716 1374 2761 pessimae
1402 2715 1682 2761 dispositionis
1709 2715 1776 2752 vel

99 2775 398 2820 complexionis
420 2777 659 2821 competunt
678 2775 944 2812 nobilissimis
966 2775 1154 2821 ingeniis.
1192 2775 1311 2811 Unde
1335 2775 1521 2811 Tullius
1547 2775 1607 2811 De
1631 2775 1776 2811 Tuscu-

239 2874 258 2906 4
284 2873 418 2915 imago]
449 2883 570 2915 capax
643 2873 777 2916 capax]
808 2874 930 2915 imago
1050 2875 1070 2906 5
1106 2874 1162 2906 est
1200 2882 1283 2906 esse
1320 2872 1528 2914 imaginem]
1564 2873 1619 2905 est
1653 2873 1775 2914 imago

99 2927 140 2959 21
167 2926 317 2966 veritas]
341 2927 373 2965 -Ρ
403 2928 438 2960 et
485 2927 569 2967 nisi]
588 2928 676 2960 nihil
749 2927 792 2960 24
820 2926 893 2968 qui]
917 2926 955 2965 -i—
976 2927 1136 2959 lacuna
1161 2926 1290 2959 unius
1309 2926 1436 2959 verbi
1516 2926 1558 2959 26
1585 2925 1774 2964 decimum]

99 2980 153 3013 XI.
179 2980 225 3013 Et
249 2980 422 3021 deinceps
447 2989 568 3022 usque
592 2981 703 3013 XXVI
728 2979 860 3021 (XXV).

240 3068 253 3091 1
284 3069 337 3102 VI.
363 3070 448 3102 Nat.
474 3069 515 3107 V,
543 3069 574 3102 2.

1805 352 1866 384 sol.
1894 352 1966 384 37¹·
1979 352 1998 384 b
