2095 3459
286 205 351 240 108
789 207 966 240 «Iohannis
992 207 1158 242 Pechami
1185 207 1435 244 Quaestiones.

279 303 513 348 perfectam,
550 304 592 339 ut
617 303 713 339 dicit
738 303 992 340 Avicenna
1003 306 1026 339 1.
1074 303 1180 349 Ergo
1206 303 1384 340 maxime
1410 304 1474 340 est
1498 303 1637 339 natum
1662 302 1714 338 ad
1739 302 1946 347 incorrup—

281 361 432 397 tionem
460 371 582 406 quam
606 361 714 398 aliud
742 362 1124 407 complexionatum.
1175 362 1256 399 Sed
1283 371 1404 398 omne
1431 371 1579 406 corpus
1599 360 1863 397 inanimatum
1882 361 1946 397 θεῖ

280 429 353 465 per
373 429 418 456 se
438 420 753 466 incorruptibile,
780 420 859 457 nisi
879 422 1161 466 corrumpatur
1180 431 1205 457 a
1225 421 1512 457 circumdante.
1546 419 1652 465 Ergo
1670 420 1794 455 multo
1816 419 1944 465 magis

280 487 427 524 corpus
453 479 683 515 humanum.
732 479 862 516 Minor
887 480 1101 525 probatur:
1129 479 1231 520 Quia
1254 480 1295 516 in
1318 489 1490 524 corpore
1511 479 1733 515 inanimato
1754 478 1864 514 nulla
1883 479 1947 514 est

278 537 418 579 forma,
445 537 524 574 nisi
548 538 768 575 materialis
796 539 837 574 et
862 538 1103 583 dependens
1130 548 1155 575 a
1179 538 1361 575 materia.
1411 538 1524 574 Nulla
1548 538 1685 574 autem
1709 537 1841 574 torma
1865 547 1946 573 ma·
1965 545 1981 570 5

279 595 443 637 terialis,
482 596 576 641 quia
613 597 791 633 totaliter
828 597 1035 642 dependet
1071 606 1096 633 a
1133 597 1319 640 materia,
1357 598 1496 642 potest
1532 605 1699 632 movere
1736 596 1946 632 materiam

280 654 496 700 propriam,
533 656 576 691 ut
612 656 744 700 possit
769 656 973 701 corrumpi
1011 656 1270 701 corruptione
1305 655 1498 697 interiori,
1536 655 1615 691 nisi
1649 655 1784 700 aliqua
1816 654 1948 691 forma

280 713 475 749 exteriori
500 715 650 759 agente
676 714 718 750 in
744 715 966 751 materiam.
1014 714 1120 761 Ergo
1148 716 1222 751 etc.

418 773 450 807 4.
476 771 576 809 Item
603 782 750 818 corpus
778 774 917 809 natum
944 773 1159 818 quiescere
1186 774 1227 809 in
1252 774 1343 810 loco
1370 772 1665 818 incorruptibili
1690 774 1754 808 est
1788 773 1948 809 natura-

281 830 372 866 liter
396 830 700 876 incorruptibile
720 832 788 869 vel
807 833 946 868 natum
973 833 1025 868 ad
1050 832 1409 878 incorruptionem,
1436 842 1527 868 cum
1546 832 1645 868 nihil
1665 831 1850 876 quiescat
1870 829 1948 867 nisi
1970 838 2001 863 ιο

278 888 319 926 in
344 889 436 926 loco
464 889 541 926 sibi
566 891 802 927 conaturali.

416 949 448 984 5.
474 948 574 985 Item
601 959 789 995 suppono
817 950 927 994 quod
953 960 1075 986 omne
1101 950 1259 986 finitum
1294 959 1368 995 per
1402 950 1703 986 abscissionem
1738 949 1804 985 vel
1838 949 1949 985 dimi-

279 1006 489 1043 nutionem
514 1007 916 1053 proportionabiliter
940 1008 1157 1054 aliquoties
1184 1009 1488 1054 multiplicatam
1514 1008 1732 1054 aliquando
1752 1007 1890 1044 finitur
1910 1009 1951 1044 et

278 1066 529 1102 consumitur
539 1068 563 1102 2.
615 1066 695 1103 Sed
722 1067 901 1113 gravitas
929 1068 1113 1113 corporis
1139 1068 1305 1104 humani
1330 1068 1396 1104 vel
1422 1067 1588 1104 alterius
1616 1068 1680 1103 θεῖ
1704 1066 1829 1103 finita.

415 1125 448 1160 6.
473 1125 573 1161 Item
599 1126 751 1170 quanto
778 1126 974 1163 remotius
1012 1128 1076 1163 est
1101 1127 1299 1172 <aliquid>
1325 1137 1350 1163 a
1376 1128 1529 1169 centro,
1567 1127 1681 1162 tanto
1718 1126 1781 1162 est
1815 1125 1948 1162 minus
1971 1132 2002 1157 15

277 1193 414 1229 grave.
464 1183 569 1230 Ergo
596 1185 734 1230 potest
758 1186 916 1222 tantum
943 1186 1128 1232 elongari
1153 1196 1178 1222 a
1204 1187 1357 1228 centro,
1384 1186 1492 1231 quod
1519 1195 1603 1222 non
1630 1184 1705 1221 erit
1730 1194 1856 1231 grave
1882 1183 1950 1221 vel

277 1252 360 1278 non
393 1243 561 1279 habebit
595 1244 730 1280 actum
763 1244 987 1290 gravitatis,
1025 1245 1203 1281 maxime
1242 1245 1277 1281 si
1314 1245 1489 1290 ponatur
1526 1244 1567 1280 in
1605 1244 1708 1285 loco,
1747 1254 1826 1289 quo
1866 1253 1949 1280 non

277 1301 437 1347 attingit
462 1302 588 1338 virtus
616 1303 756 1339 centri.
808 1302 924 1343 Quod
946 1305 1010 1340 est
1033 1303 1074 1340 in
1094 1304 1221 1346 caelo,
1249 1304 1344 1349 quia
1364 1304 1521 1340 caelum
1541 1313 1625 1340 non
1645 1303 1815 1348 suscipit
1833 1312 1950 1348 pere-

277 1359 415 1405 grinas
442 1360 746 1406 impressiones.
796 1361 900 1408 Ergo
929 1372 1076 1408 corpus
1104 1363 1324 1399 humanum
1349 1362 1526 1408 positum
1550 1362 1592 1398 in
1612 1362 1739 1403 caelo,
1767 1362 1889 1398 etiam
1915 1362 1950 1398 si

282 1419 437 1455 caelum
465 1420 578 1456 esset
604 1420 816 1463 divisibile,
844 1421 1077 1466 quiesceret
1102 1422 1157 1458 ibi
1183 1421 1431 1458 naturaliter.
1482 1421 1587 1467 Ergo
1615 1422 1690 1457 etc.
1968 1426 2003 1452 20

416 1479 447 1514 7.
473 1478 574 1514 Item
599 1479 735 1515 anima
762 1480 970 1516 desiderat
996 1480 1233 1517 naturaliter
1260 1481 1515 1526 sapientiam.
1564 1480 1678 1516 Haec
1703 1482 1841 1516 autem
1866 1490 1950 1516 non

278 1537 499 1582 acquiritur
525 1537 604 1574 nisi
628 1547 703 1583 per
729 1538 917 1584 quietem.
967 1537 1073 1585 Ergo
1100 1539 1298 1584 perfectio
1332 1539 1560 1584 sapientiae
1592 1539 1762 1584 requirit
1794 1538 1951 1584 perfee-

277 1595 432 1632 tionem
459 1596 617 1642 quietis.
668 1596 749 1633 Sed
776 1598 892 1642 quies
919 1597 1104 1643 perfecta
1128 1608 1211 1634 non
1233 1598 1354 1634 estin
1375 1608 1548 1643 corpore
1569 1598 1829 1643 corruptibili,
1856 1598 1951 1643 quia

279 1655 364 1691 tota
390 1655 455 1691 die
481 1655 729 1700 inquietatur
754 1656 1030 1701 passionibus.
1080 1657 1185 1703 Ergo
1213 1657 1318 1694 sicut
1344 1657 1582 1693 naturaliter
1607 1657 1763 1702 appetit
1790 1657 1950 1702 sapien-

280 1714 377 1750 tiam
412 1714 648 1759 perfectam,
687 1715 742 1751 ita
775 1724 923 1761 corpus
949 1716 1328 1762 <in->corruptibile
1377 1715 1425 1752 Et
1458 1716 1608 1752 nullum
1635 1716 1820 1752 naturale
1847 1716 1950 1753 desi·
1969 1723 2002 1748 25

277 1772 433 1809 derium
460 1774 524 1809 est
548 1773 708 1810 frustra.
757 1774 863 1821 Ergo
890 1776 965 1811 etc.

415 1833 447 1868 8.
482 1832 582 1868 Item
617 1833 824 1878 potentior
858 1834 922 1870 est
955 1833 1086 1870 forma
1121 1834 1340 1879 spiritualis
1375 1834 1507 1871 forma
1538 1835 1750 1879 corporali.
1801 1834 1882 1871 Sed
1908 1833 1948 1871 in

277 1891 516 1936 corporibus
544 1892 792 1928 caelestibus
820 1894 884 1929 θεῖ
908 1893 1172 1938 incorruptio,
1210 1893 1306 1938 quia
1339 1892 1470 1929 forma
1505 1894 1679 1938 occupat
1714 1894 1842 1930 totum
1869 1903 1950 1930 ma-

277 1950 406 1987 teriae
432 1951 667 1995 appetitum.
718 1951 759 1988 Si
786 1960 885 1997 ergo
911 1943 1042 1988 forma
1067 1952 1172 1988 haec
1196 1953 1344 1997 potest,
1378 1952 1503 1988 multo
1536 1951 1681 1988 fortius
1718 1952 1948 1998 spiritualis.

415 2010 448 2045 9.
473 2009 593 2046 Forte
620 2010 890 2056 respondebit
915 2010 1025 2056 quod
1043 2011 1215 2048 materia
1234 2011 1421 2053 hominis,
1448 2011 1470 2047 i.
1492 2020 1526 2047 e.
1548 2020 1696 2056 corpus
1717 2011 1948 2053 humanum,
1969 2017 2003 2042 30

277 2078 360 2104 non
388 2069 452 2104 est
477 2069 826 2113 proportionabile
853 2069 1015 2106 animae
1042 2070 1232 2106 rationali
1257 2070 1523 2115 proportione
1550 2070 1670 2106 faeta.

402 2126 587 2178 Contra:
624 2128 776 2164 Natura
806 2138 891 2164 non
917 2129 1037 2165 deest
1061 2129 1102 2164 in
1129 2129 1389 2170 necessariis,
1424 2129 1603 2165 maxime
1630 2129 1671 2165 in
1698 2129 1948 2175 dignioribus

278 2186 432 2222 naturis
443 2188 468 2221 ³.
520 2186 600 2223 Sed
627 2187 662 2223 si
697 2194 845 2232 corpus
881 2188 1103 2224 humanum
1138 2188 1465 2233 corrumpit<ur>,
1504 2197 1586 2225 non
1623 2189 1687 2224 est
1724 2188 1950 2233 proportio-

278 2244 412 2281 nabile
439 2245 601 2282 animae
626 2246 826 2283 rationali.
875 2246 1059 2283 Necesse
1099 2248 1163 2283 est
1201 2257 1299 2293 ergo
1334 2246 1514 2283 deiicere
1542 2247 1729 2283 ordinem
1764 2248 1947 2289 naturae,

277 2305 347 2340 aut
372 2305 470 2341 dare
497 2305 649 2341 homini
674 2305 893 2350 aliquando
921 2315 1070 2351 corpus
1097 2306 1415 2351 incorruptibile.
1968 2316 2002 2342 35

417 2363 471 2399 10.
498 2363 597 2400 Item
621 2365 758 2400 rectus
786 2365 886 2401 ordo
912 2365 1084 2401 naturae
1111 2365 1152 2401 in
1179 2366 1257 2401 hoc
1283 2364 1480 2407 consistit,
1507 2365 1616 2410 quod
1640 2364 1856 2410 superiora
1880 2365 1950 2401 im-

278 2423 423 2467 perant
456 2421 728 2462 inferioribus,
768 2424 809 2459 et
842 2423 1037 2460 inferiora
1073 2424 1298 2460 oboediunt
1336 2423 1628 2468 superioribus.
1676 2422 1782 2469 Ergo
1814 2424 1866 2460 ad
1892 2423 1950 2459 in-

277 2482 434 2527 tegrum
462 2481 647 2518 ordinem
673 2483 845 2518 naturae
873 2491 1050 2519 necesse
1079 2484 1143 2518 est
1169 2483 1276 2518 vires
1303 2482 1520 2519 inferiores
1547 2482 1709 2519 animae
1744 2483 1785 2518 et
1815 2483 1953 2519 motus-

279 2539 400 2576 etiam
438 2549 661 2585 corporeos
700 2541 897 2577 oboedire
934 2542 1093 2578 rationi.
1144 2542 1229 2578 Hoc
1268 2551 1350 2578 non
1387 2543 1526 2587 potest
1564 2551 1659 2578 esse
1697 2541 1738 2577 in
1776 2550 1948 2586 corpore

278 2599 537 2644 corruptibili.
585 2599 690 2645 Ergo
718 2601 793 2636 etc.
1967 2607 2003 2634 4ο

418 2697 437 2729 8
464 2697 649 2737 exteriori]
674 2698 835 2731 interiori
933 2699 1066 2731 10——11
1095 2699 1270 2731 cum—in
1296 2698 1388 2738 loco]
1414 2699 1513 2731 inter
1535 2699 1807 2739 incorruptibile
1833 2700 1865 2731 et
1890 2698 1948 2731 vel

278 2751 399 2783 natum
496 2751 538 2783 33
565 2750 648 2790 Sed]
675 2759 763 2792 ergo
860 2751 901 2784 34
928 2751 1030 2793 ergo]
1057 2752 1177 2784 autem
1273 2752 1315 2785 39
1342 2751 1527 2790 oboedire]
1553 2751 1760 2785 obedientia

417 2843 430 2866 ¹
461 2844 514 2877 VI.
540 2845 624 2877 Nat.
651 2845 689 2884 II,
717 2845 754 2883 3;
780 2846 843 2877 cfr.
870 2854 983 2886 supra
1008 2855 1042 2887 p.
1070 2847 1123 2885 57,
1149 2846 1221 2878 not.
1249 2847 1279 2879 2.

415 2896 430 2919 2
456 2897 526 2930 Cir.
552 2897 696 2937 Arist„
731 2898 840 2938 Phys.
873 2898 944 2937 VII,
972 2899 991 2931 6
1017 2897 1089 2938 (8);
1127 2899 1151 2938 Ι,
1179 2899 1197 2930 4
1224 2897 1327 2938 (text.
1355 2898 1398 2931 37
1425 2899 1506 2939 εε.);
1544 2899 1716 2938 Bonav.,
1755 2898 1820 2939 Op.
1848 2907 1947 2931 omn.

245 2996 248 2997 ⁷
276 2950 316 2990 H,
343 2950 596 3042 833ssaixrist„
623 3004 675 3036 De
701 3003 841 3036 Anima
865 3004 919 3044 ΙΙΙ,
946 3005 965 3037 9
993 3002 1097 3043 (text.
1126 3003 1202 3043 45):
1247 3005 1404 3043 „Natura
1429 3012 1549 3045 neque
1575 3005 1661 3037 facit
1686 3005 1822 3037 frustra
1847 3004 1948 3044 quid-

278 3064 386 3096 quam
409 3064 477 3088 nec
502 3056 624 3088 deficit
649 3056 684 3089 in
710 3056 962 3089 necessariis.“
