2095 3459
817 191 989 226 Quaestio
1018 191 1053 222 ll.
1734 188 1776 222 13

92 283 422 321 Damasceno
452 295 538 331 cap.
567 286 664 326 VIII.
693 287 716 323 I.
739 288 848 323 lib.¹:
879 287 1157 332 „Impossibile
1185 288 1248 323 est
1277 287 1383 323 enim
1405 287 1581 323 inveniri
1602 287 1641 323 in
1664 297 1777 323 crea-

92 345 182 379 tura
208 343 427 389 imaginem
462 345 858 382 intransmutabilem
899 347 1064 382 modum
1101 347 1271 382 sanctae
1307 346 1514 382 Trinitatis
1560 347 1781 382 ostenden-

92 405 207 439 tem.“
258 403 363 450 Ergo
400 405 503 440 ratio
541 406 876 442 immutabilitatis
913 416 995 442 non
1030 406 1235 442 invenitur
1268 406 1307 441 in
1336 406 1512 451 imagine
1540 407 1680 442 creata

234 464 265 499 7.
301 463 400 500 Item
428 464 462 500 si
490 465 715 501 mortalitas
743 467 994 511 repugnaret
1020 465 1196 510 imagini,
1236 466 1357 502 homo
1394 475 1476 501 non
1505 467 1618 502 esset
1644 466 1778 511 imago

58 522 180 559 5Dei.
232 522 368 563 Quare
408 524 516 560 enim
555 525 692 561 anima
732 535 814 561 non
852 526 991 570 potest
1026 525 1127 561 mori
1164 535 1254 561 cum
1294 534 1468 570 corpore
1507 525 1697 561 morienti
1740 527 1780 561 et

93 591 313 628 resurgere
341 593 431 619 cum
459 593 633 628 corpore
660 584 937 630 resurgente?
1792 620 1794 623 .

233 643 265 677 8.
292 642 391 679 Item
412 642 517 679 ratio
540 643 648 679 solet
667 644 873 689 assignari
893 645 1061 689 propter
1081 644 1458 680 remunerationem
1469 646 1494 680 2.
1522 644 1650 681 Aliter
1672 644 1778 680 enim

92 701 260 738 liberior
286 703 400 738 esset
426 702 623 739 iniustitia
650 713 771 748 quam
798 703 961 739 iustitia.
1012 704 1101 740 Non
1128 704 1268 739 valent
1294 704 1428 740 dictae
1454 704 1649 740 rationes.

232 762 264 797 9.
292 761 390 798 Item
426 762 609 798 rationes
646 762 932 808 Augustini
972 763 1164 799 videntur
1202 763 1421 799 invalidae.
1449 766 1462 806 {l
1490 763 1632 809 Arguit
1669 763 1776 799 enim
1799 761 1861 793 fol.
1882 761 1953 794 35v

41 827 73 852 10
93 820 196 856 sic3:
243 820 411 863 „Anima
450 822 665 867 cognoscit
702 822 930 859 verItatem.
982 822 1144 858 Veritas
1186 824 1249 858 est
1287 823 1537 858 immortalis.
1596 822 1702 869 Ergo
1743 824 1783 859 et

93 879 263 916 anima.“
292 879 391 916 Inde
413 881 577 925 quidem
598 891 682 917 non
703 882 866 918 videtur
887 882 1016 928 sequi,
1044 882 1139 927 quia
1161 883 1307 918 eadem
1328 882 1489 918 ratIone
1512 883 1626 918 esset
1646 883 1782 918 anima

93 940 267 975 aeterna
292 942 341 982 <a
366 941 483 985 parte
510 942 642 982 ante>
670 962 715 964 —
742 940 861 977 Item:
900 943 971 978 aut
996 942 1174 987 loquitur
1200 942 1252 978 de
1278 942 1466 983 veritate,
1505 951 1611 986 quae
1652 943 1715 978 est
1741 942 1781 977 in

93 998 232 1035 anima
259 999 364 1035 sicut
389 999 430 1035 in
458 1000 658 1041 subiecto,
685 1002 756 1036 aut
782 1001 834 1036 de
860 1001 929 1037 illa
956 1011 1077 1046 quam
1104 1002 1230 1037 habet
1253 1001 1391 1038 anIma
1417 1010 1490 1046 pro
1519 1001 1694 1037 obiecto.
1742 1001 1782 1037 Si

94 1058 223 1104 primo
251 1059 385 1101 modo,
413 1061 569 1095 certum
600 1061 674 1102 est,
702 1061 810 1105 quod
844 1060 942 1096 nihil
974 1061 1056 1097 tale
1091 1061 1154 1097 est
1185 1060 1448 1097 immutabile.
1499 1060 1565 1102 <Si
1598 1061 1781 1096 secundo

43 1128 75 1153 15
94 1118 260 1160 modo>:
289 1119 363 1154 sed
380 1119 536 1154 certum
553 1120 616 1155 est
633 1120 741 1164 quod
757 1119 895 1155 anima
909 1120 1007 1156 nihil
1023 1120 1194 1166 attingit,
1214 1120 1322 1165 quod
1338 1120 1501 1165 penitus
1519 1120 1781 1156 immutabile.

234 1177 288 1213 10.
315 1177 416 1213 Item
442 1178 676 1214 Intellectus
704 1179 976 1224 corrumpitur
1002 1180 1180 1224 quodam
1201 1179 1372 1215 interius
1395 1180 1597 1224 corrupto,
1625 1180 1667 1214 ut
1687 1179 1783 1214 dicit

96 1237 494 1282 Philosophus4.
545 1237 606 1273 Ex
632 1239 710 1274 hoc
738 1238 798 1274 sic
833 1246 981 1284 arguo:
1022 1238 1229 1275 Sensitiva
1267 1239 1463 1283 probatur
1500 1238 1664 1283 operari
1701 1248 1783 1274 me-

95 1296 235 1332 diante
263 1306 451 1342 corpore,
480 1297 575 1342 quia
603 1297 690 1333 eius
713 1297 900 1342 operatio
922 1298 1132 1343 dependet
1152 1307 1177 1334 a
1198 1307 1372 1343 corpore
1395 1299 1435 1334 et
1454 1298 1672 1343 impeditur
1691 1298 1781 1343 ipso

95 1356 336 1401 impedito⁵;
386 1358 427 1392 et
464 1366 540 1402 per
577 1357 655 1393 hoc
694 1358 808 1402 patet
847 1367 938 1393 eam
978 1367 1074 1394 esse
1113 1358 1429 1402 corruptibilem.
1490 1357 1596 1402 Ergo
1636 1358 1781 1393 eadem

42 1423 76 1449 20
95 1415 269 1457 ratione,
309 1416 343 1452 si
372 1416 605 1452 intellectus
633 1417 853 1462 impeditur
878 1417 919 1453 in
947 1418 1159 1462 operando
1188 1418 1365 1462 quodam
1392 1417 1562 1453 interius
1590 1417 1781 1462 corrupto

97 1476 138 1511 et
164 1475 404 1520 simpliciter
431 1476 641 1521 dependet
666 1485 691 1512 a
718 1485 904 1522 corpore.

236 1536 291 1570 11.
318 1534 419 1571 Item
446 1535 531 1571 tres
559 1535 654 1571 sunt
679 1535 950 1572 mutationes:
987 1545 1071 1571 una
1097 1536 1434 1581 supernaturalis,
1469 1536 1550 1572 alia
1584 1536 1781 1572 naturalis

97 1594 391 1636 substantialis,
429 1594 552 1631 tertia
585 1594 854 1631 accidentalis
890 1595 1099 1631 naturalis.
1149 1594 1197 1631 Et
1222 1595 1395 1640 primum
1421 1596 1462 1631 in
1490 1595 1600 1632 omni
1626 1605 1782 1640 genere

98 1653 162 1689 est
189 1662 316 1689 causa
342 1653 523 1689 omnium
549 1654 825 1699 posteriorum
836 1656 861 1695 ⁶,
889 1655 930 1690 et
956 1664 1101 1690 omnes
1124 1655 1340 1691 creaturae
1362 1654 1550 1691 dicuntur
1569 1655 1780 1691 vertibiles

44 1719 78 1744 25
98 1713 138 1748 et
163 1713 392 1755 mutabiles,
431 1713 473 1749 in
499 1714 695 1758 quantum
723 1723 777 1750 ex
803 1713 939 1750 nihilo.
990 1712 1090 1749 Cum
1125 1713 1245 1759 igitur
1280 1714 1416 1758 posita
1452 1723 1579 1749 causa
1616 1714 1780 1758 ponitur

97 1770 269 1807 effectus
277 1773 302 1813 ⁷,
318 1772 563 1817 ubicumque
581 1773 644 1808 est
658 1772 827 1809 mutatio
842 1772 982 1817 prima,
998 1772 1155 1808 scilicet
1171 1773 1337 1814 creatio,
1354 1772 1429 1808 erit
1443 1772 1650 1817 quaelibet
1664 1772 1774 1808 alia-³.

238 1871 257 1903 3
284 1866 460 1913 imagine]
486 1871 746 1912 imaginatione
845 1871 863 1902 4
890 1870 1106 1910 mortalitas]
1132 1871 1363 1903 mortalitatis
1424 1867 1584 1912 imagini]
1606 1871 1781 1912 imagina-

97 1924 185 1956 tioni
282 1924 301 1957 8
328 1921 459 1965 dictae]
487 1924 556 1957 dde
656 1924 697 1956 19
723 1920 1007 1965 corruptibilem]
1035 1925 1343 1965 incorruptibilem

238 2018 250 2040 1
276 2019 338 2052 PG
363 2019 417 2058 94,
446 2019 523 2051 821.
565 2019 713 2059 „Neque
740 2018 834 2050 enim
861 2018 941 2050 fieri
966 2020 1089 2059 potest
1114 2020 1153 2050 ut
1177 2019 1212 2051 in
1248 2020 1357 2051 rebus
1392 2019 1524 2051 creatis
1560 2020 1680 2060 imago
1708 2019 1781 2052 ulla

98 2074 160 2106 aut
185 2073 378 2105 similitudo
403 2072 619 2113 reperiatur,
659 2080 754 2112 quae
781 2073 933 2104 sanctae
958 2072 1144 2105 Trinitatis
1170 2073 1315 2105 modum
1342 2073 1377 2105 in
1404 2074 1530 2113 seipsa
1556 2073 1647 2105 citra
1673 2073 1782 2105 ullam

99 2126 398 2159 dissimilitudinis
423 2127 548 2158 notam
572 2124 860 2166 repraesentet.“

237 2178 252 2201 2
278 2179 349 2211 Cir.
375 2179 550 2218 Bonav.,
573 2178 639 2219 Op.
661 2187 759 2211 omn.
786 2178 826 2217 ΙΙ,
848 2179 914 2211 458
927 2179 962 2211 b.
997 2179 1160 2217 „Nullum
1180 2179 1313 2211 bonum
1340 2185 1396 2211 est
1421 2180 1720 2212 irremuneratum
1747 2186 1782 2216 et

98 2233 234 2265 nullum
259 2233 392 2265 malum
418 2233 475 2265 est
499 2231 733 2273 impunitum“
763 2233 819 2264 est
845 2233 991 2264 axioma
1017 2232 1283 2271 scholasticum,
1312 2233 1409 2272 quod
1430 2233 1620 2265 formatum
1641 2232 1783 2264 videtur

100 2295 147 2318 ex
172 2286 379 2325 Boethio,
405 2286 458 2318 De
484 2285 593 2318 Com.
619 2285 677 2324 IV,
703 2293 816 2326 prosa
843 2286 871 2318 1.
900 2287 935 2317 et
961 2287 991 2318 4.
1043 2285 1114 2318 Cir.
1141 2285 1284 2324 Plato,
1324 2286 1474 2318 Phaedo
1512 2286 1582 2324 (ed.
1622 2285 1779 2323 Serrani,

99 2340 183 2372 tom.
209 2339 223 2371 Ι
248 2347 333 2380 pag.
361 2337 453 2378 107).
504 2339 594 2371 Vide
619 2339 798 2377 Bonav.,
826 2338 847 2371 l.
876 2347 903 2371 e.
930 2340 1017 2370 nota
1043 2338 1074 2371 6.

238 2391 253 2414 3
278 2391 381 2424 Solil.
408 2392 447 2431 II,
475 2393 494 2424 2
521 2391 592 2431 (PL
618 2392 672 2431 32,
700 2392 787 2431 886,
814 2400 847 2424 n.
875 2390 928 2431 2);
954 2392 992 2430 ΙΙ,
1022 2392 1063 2423 13
1089 2389 1242 2430 (ibidem
1268 2391 1346 2429 896,
1373 2400 1406 2423 n.
1434 2390 1509 2430 24);
1535 2391 1587 2423 De
1618 2391 1780 2423 Immort-

100 2445 223 2478 Anim.
252 2446 269 2477 1
297 2444 368 2484 (PL
394 2446 448 2484 32,
477 2445 578 2485 1021,
604 2455 637 2478 n.
667 2444 713 2484 1),
741 2445 759 2477 4
788 2440 850 2487 (ib.
880 2445 979 2484 1023,
1006 2454 1039 2477 n.
1068 2443 1113 2483 5),
1142 2445 1160 2476 6
1188 2443 1248 2482 (ib.
1278 2444 1439 2483 1025‚.n.
1470 2440 1543 2487 10),
1580 2444 1694 2485 Epist.
1731 2445 1782 2476 ad

101 2498 321 2531 Nebridium
347 2497 393 2537 (3,
421 2499 513 2531 alias
535 2499 617 2536 151;
643 2498 700 2530 PL
725 2498 779 2537 33,
807 2498 850 2530 63
878 2494 1009 2539 seqq).

240 2551 255 2573 4
279 2551 332 2584 De
356 2551 480 2584 Anim.
506 2552 531 2590 Ι,
559 2552 577 2583 4
605 2550 707 2588 (text.
735 2551 803 2589 66).

243 2604 258 2627 5
282 2604 336 2637 De
359 2604 483 2637 Anim.
510 2605 548 2644 ΙΙ,
577 2605 618 2637 12
646 2603 749 2643 (text.
778 2603 869 2643 121).

241 2656 257 2679 ⁶
282 2658 352 2690 Cir.
376 2658 560 2697 Bonav.‚
591 2657 656 2698 Op.
682 2666 780 2690 omn.
810 2657 833 2696 I,
864 2657 940 2689 470.
979 2657 1106 2695 „Ratio
1131 2657 1322 2697 primitatis
1347 2656 1380 2688 in
1407 2657 1529 2697 aliquo
1561 2665 1696 2698 genere
1727 2659 1782 2690 est

103 2711 196 2744 ratio
222 2711 464 2752 principiandi
488 2711 525 2743 in
550 2709 643 2743 illo.“

242 2762 256 2785 ⁷
282 2764 353 2797 Cir.
379 2764 624 2803 Avicenna,
653 2763 816 2804 Metaph.
843 2763 898 2802 IX,
928 2764 956 2795 1.
997 2762 1150 2801 „Causa,
1188 2763 1360 2802 quantum
1385 2763 1421 2795 in
1447 2772 1487 2795 se
1514 2764 1580 2802 est,
1609 2763 1695 2795 iacit
1719 2772 1781 2795 ne-

0 2827 3 2851 l
105 2818 267 2851 cessario
293 2826 377 2850 esse
405 2816 632 2856 causatum;“
660 2817 743 2849 vide
769 2817 984 2849 eiusdem:
1015 2816 1212 2848 Tractatus
1232 2815 1277 2848 de
1295 2816 1589 2849 Definitionibus
1608 2818 1642 2848 et
1663 2816 1780 2855 Quae-

0 2853 7 2890 ²³
106 2871 188 2903 sitis
212 2869 283 2910 (ed.
297 2870 424 2902 Venet.
442 2870 542 2910 1546,
563 2868 738 2910 fol.136);
764 2869 1060 2908 Aristoteles,
1087 2868 1196 2908 Phys.
1224 2869 1261 2907 ΙΙ,
1285 2869 1323 2908 3;
1350 2867 1454 2908 (text.
1482 2868 1540 2909 37)
1568 2869 1779 2908 „<Causae>

107 2925 190 2956 actu
216 2923 360 2963 quidem
386 2923 588 2956 extstentes
614 2925 650 2955 et
675 2922 879 2964 singulares
906 2923 941 2954 et
967 2930 1012 2954 ea
1039 2930 1189 2961 quorum
1216 2924 1300 2953 sunt
1325 2930 1460 2954 causae
1486 2922 1591 2954 simul
1627 2923 1711 2954 sunt
1746 2924 1781 2955 et

106 2985 178 3009 non
205 2975 319 3009 sunt.“
371 2976 441 3015 Cfr„
468 2975 633 3017 Metaph.
659 2976 746 3015 VIII,
774 2977 793 3007 5
819 2973 889 3014 (IX.
915 2975 1004 3007 text.
1033 2973 1101 3013 10).

246 3027 261 3050 8
287 3028 357 3061 Cir.
384 3029 701 3067 Damascenus,
728 3028 780 3060 De
805 3027 893 3060 Fide
919 3026 1064 3059 orthod.
1092 3027 1115 3065 Ι,
1142 3027 1179 3065 3;
1205 3026 1243 3065 ΙΙ,
1272 3027 1324 3059 27.
1367 3027 1502 3065 „Omne
1531 3028 1627 3067 quod
1653 3037 1675 3061 a
1700 3037 1779 3060 ver·

109 3083 210 3114 sione
235 3082 368 3123 incipit,
395 3082 431 3114 in
455 3082 660 3114 versionem
685 3080 830 3114 tendit.“
