2095 3459
755 211 928 248 Quaestio
955 212 1057 245 XVII.
1716 209 1783 244 135

244 308 275 343 2.
303 307 400 343 Item
439 307 501 343 IV.
537 307 674 352 Super
706 307 937 344 Genesim:
978 308 1148 351 „Noster
1193 309 1356 344 obtutus
1395 318 1476 344 uno
1521 308 1602 344 ictu
1648 308 1784 344 omnia

105 366 260 407 transit,
287 376 393 411 quae
422 368 516 402 sunt
536 366 643 402 inter
664 377 740 403 nos
761 368 800 403 et
822 367 985 403 solem.“
1027 367 1068 403 Si
1094 367 1216 413 igitur
1233 377 1315 404 non
1337 368 1414 404 erit
1433 368 1566 404 minor
1586 368 1782 404 velocitas

105 425 288 471 corporis
316 425 483 471 gloriosi
511 435 628 471 quam
659 426 760 462 radii
788 427 893 462 oculi
920 427 1059 469 nostri,
1087 426 1164 463 erit
1189 427 1229 463 in
1256 426 1435 463 instanti.
1477 426 1784 472 Consequentia

103 485 316 530 probatur:
345 484 449 525 Quia
475 485 605 521 maior
632 486 694 521 est
720 485 848 521 virtus
876 486 1060 531 corporis
1096 485 1265 532 gloriosi
1291 486 1357 521 vel
1390 486 1551 522 animae
1577 486 1782 532 gloriosae

67 548 83 573 ⁵
104 552 226 588 quam
252 543 370 580 oculi.

242 603 275 639 3.
302 602 401 639 Item
428 603 736 645 Ambrosius,
765 603 814 639 In
839 604 1175 640 Hezaemeroffl:
1205 604 1343 647 „Lucis
1371 605 1517 641 natura
1538 606 1611 646 est,
1633 606 1676 641 ut
1701 615 1783 641 non

102 661 142 697 in
169 671 352 702 numero,
379 671 462 698 non
500 662 540 698 in
576 663 772 708 pondere,
810 673 893 699 non
928 663 969 698 in
1005 672 1200 699 mensura
1236 665 1278 699 ut
1306 664 1386 700 alia
1421 664 1568 700 cuneta
1594 664 1661 707 sit;
1689 664 1784 709 quia

102 730 185 757 non
214 721 253 756 in
281 722 503 766 splendore
530 723 686 758 tantum
714 723 788 758 sed
823 722 863 758 in
900 722 1009 758 omni
1048 722 1197 759 virtute
1229 724 1375 759 natura
1415 723 1516 759 lucis
1552 724 1781 768 probatur.“

104 780 145 817 Si
181 780 302 832 igitur
336 784 510 826 <corpus
544 781 790 827 gloriosum>
826 782 949 817 habet
984 782 1171 818 naturam
1197 780 1358 824 (lucis),
1384 791 1468 818 non
1502 782 1543 818 in
1578 792 1782 818 mensura.

54 845 84 870 10
102 838 208 885 Ergo
236 839 421 875 similiter
441 840 482 876 et
508 840 793 885 operationem
803 849 810 884 ;
839 841 879 876 et
904 849 979 885 per
1005 849 1269 886 consequens
1295 840 1611 877 instantaneam.

244 900 275 934 4.
303 898 403 935 Item
429 899 566 935 anima
591 899 772 945 gloriosa
808 907 862 935 ex
887 899 1018 945 gloria
1048 899 1173 935 habet
1199 898 1513 935 deiformitatem
1538 899 1579 935 in
1600 900 1785 945 potentia

103 957 356 994 intellectiva
389 959 429 994 et
462 958 685 994 voluntate.
737 957 819 994 Sed
846 967 900 994 ex
937 957 1211 994 deiformitate
1249 958 1480 994 intellectus
1512 958 1637 995 habet
1675 959 1783 1004 quod

103 1018 242 1062 potest
268 1016 385 1053 simul
424 1017 550 1053 multa
584 1017 816 1063 intelligere
852 1026 975 1062 super
1009 1017 1239 1053 naturalem
1275 1017 1538 1053 intellectum.
1587 1017 1693 1064 Ergo
1731 1028 1783 1054 ex

104 1076 379 1113 deiformitate
405 1076 616 1121 potentiae
637 1077 817 1113 motivae
838 1077 974 1119 habet,
996 1077 1105 1122 quod
1119 1077 1258 1122 potest
1278 1085 1426 1122 corpus
1448 1086 1564 1112 suum
1583 1077 1783 1122 replicare

53 1147 84 1172 15
105 1135 224 1171 simul
250 1145 375 1181 super
400 1136 539 1181 plures
566 1137 705 1181 partes
733 1136 867 1172 medii.
919 1135 1038 1177 Quod
1064 1145 1160 1173 esse
1187 1145 1270 1172 non
1296 1137 1444 1181 potest,
1471 1136 1551 1172 nisi
1569 1137 1784 1173 moveatur

104 1194 250 1231 subito.
300 1193 608 1240 Consequentia
642 1196 853 1241 probatur:
890 1195 994 1236 Quia
1035 1195 1153 1233 simul
1191 1196 1316 1231 multa
1353 1195 1583 1241 intelligere
1620 1196 1784 1232 excedit

103 1254 469 1300 improportionate
495 1256 631 1291 actum
657 1255 890 1291 intellectus
917 1255 1156 1291 naturalem.
1205 1246 1311 1300 Ergo
1340 1254 1524 1291 similiter
1550 1255 1626 1291 erit
1647 1255 1689 1291 in
1714 1265 1784 1300 po-

102 1313 233 1350 tentia
265 1313 429 1355 motiva,
469 1314 579 1359 quod
608 1314 739 1360 possit
771 1314 1230 1360 improportionabiliter
1266 1323 1391 1359 super
1424 1314 1560 1351 actum
1598 1314 1783 1351 eiusdem

104 1373 343 1409 naturalem.
1742 1385 1747 1393 ·

51 1442 85 1468 20
243 1433 275 1468 5.
301 1432 402 1469 Item
429 1433 463 1469 si
489 1442 572 1469 non
599 1434 737 1478 potest
774 1432 873 1470 ferri
908 1433 1041 1469 subito
1069 1442 1219 1478 corpus
1250 1432 1486 1478 gloriosum,
1513 1442 1595 1469 11011
1621 1432 1784 1469 videtur

106 1501 200 1528 esse
238 1491 318 1528 nisi
355 1493 524 1538 propter
560 1493 650 1532 hoc,
690 1493 799 1538 quod
837 1493 1005 1529 mutatio
1046 1493 1180 1529 subita
1215 1492 1400 1537 sequitur
1436 1492 1591 1530 motum
1629 1493 1669 1528 et
1700 1502 1780 1528 non

104 1551 318 1596 praecedit
342 1551 446 1588 alius
473 1553 607 1588 motus
628 1552 669 1588 in
690 1562 865 1597 corpore
886 1552 1080 1598 glorioso,
1101 1552 1170 1597 qui
1187 1552 1331 1597 posset
1356 1551 1567 1587 terminari
1587 1552 1639 1587 ad
1659 1551 1783 1590 talem

104 1611 383 1652 mutationem.

245 1669 327 1707 Sed
353 1671 513 1706 contra:
539 1670 656 1707 RatIo
684 1680 811 1716 quare
845 1672 1008 1716 oportet
1043 1671 1153 1716 quod
1186 1671 1319 1716 motus
1346 1670 1572 1715 praecedat
1597 1671 1783 1706 mutatio-

13 1761 17 1764 .
51 1742 84 1767 25
104 1739 210 1771 nem,
236 1730 341 1766 haec
367 1731 441 1771 est,
468 1731 511 1766 ut
538 1730 694 1766 scilicet
719 1739 795 1775 per
820 1730 974 1766 motum
993 1730 1264 1774 praeparetur
1283 1729 1456 1765 materia
1483 1729 1534 1764 ad
1562 1729 1783 1765 oboedien-

104 1789 199 1825 dum
225 1789 374 1835 agenti.
424 1789 543 1825 Unde
570 1790 641 1825 lux
668 1789 893 1825 secundum
920 1789 1292 1834 Philosophum-¹³
1316 1789 1540 1834 propterea
1575 1788 1708 1824 subito
1736 1798 1792 1824 se·

104 1847 301 1890 diffundit,
338 1848 434 1894 quia
467 1858 540 1885 aer
579 1858 744 1894 semper
779 1848 1001 1894 dispositus
1038 1849 1102 1884 est
1133 1848 1185 1884 ad
1223 1847 1506 1893 receptionem
1542 1847 1782 1884 influentiae

103 1907 277 1944 luminis.
326 1907 432 1954 Ergo
460 1918 551 1944 cum
578 1909 630 1945 ad
656 1908 941 1944 transitionem
968 1908 1153 1953 corporis
1175 1907 1344 1953 gloriosi
1369 1917 1444 1953 per
1469 1907 1647 1943 medium
1672 1907 1782 1943 nulla

103 1967 333 2012 requiratur
375 1967 599 2013 dispositio,
639 1977 730 2004 cum
769 1967 998 2013 aequaliter
1034 1966 1190 2003 feratur
1226 1976 1300 2012 per
1337 1976 1473 2003 rarum
1518 1967 1559 2003 et
1597 1967 1780 2008 densum,

51 2036 85 2062 30
103 2027 255 2072 poterit
267 2026 366 2063 ferri
380 2027 514 2064 subito
529 2034 603 2073 per
618 2037 739 2064 omne
755 2036 904 2072 corpus
916 2036 999 2063 non
1018 2026 1252 2072 gloriosum,
1265 2035 1348 2062 non
1362 2026 1643 2071 praecedente
1658 2027 1781 2063 motu.

244 2087 277 2122 6.
302 2086 402 2122 Item
424 2086 458 2122 51
479 2095 627 2132 00111115
648 2086 799 2132 poterit
818 2086 1057 2122 naturaliter
1077 2085 1212 2122 subito
1230 2085 1328 2121 ferri
1348 2094 1422 2131 per
1449 2085 1634 2130 spatium,
1655 2086 1780 2122 multo

103 2145 234 2191 magis
269 2146 348 2182 hoc
380 2148 519 2191 potest
553 2155 714 2191 corpus,
751 2146 861 2191 quod
899 2145 1024 2181 habet
1054 2145 1245 2181 virtutem
1284 2145 1648 2190 supernaturalem.
1700 2145 1780 2181 Sed

105 2213 253 2250 corpus
279 2205 418 2250 potest
454 2205 553 2241 ferri
590 2205 830 2241 naturaliter
868 2204 1002 2241 subito
1043 2214 1118 2250 per
1156 2204 1341 2249 spatium.
1391 2203 1496 2250 Ergo
1525 2205 1600 2240 etc.
1650 2204 1782 2240 Minor

103 2264 299 2309 probatur
317 2273 392 2309 per
413 2264 757 2310 experimentum:
785 2263 888 2304 Quia
909 2263 943 2300 si
962 2263 1214 2309 accipiantur
1235 2264 1341 2300 duae
1363 2263 1605 2308 superficies
1631 2263 1780 2308 planae

52 2331 85 2356 35
105 2323 193 2365 <et>
220 2323 519 2369 coniungantur
555 2323 781 2360 secundum
818 2323 995 2368 planum,
1022 2322 1220 2365 <deinde>
1253 2322 1488 2368 aperiantur
1521 2332 1695 2368 quoque.
1733 2322 1780 2358 Et

106 2383 261 2418 certum
282 2383 356 2424 est,
383 2383 493 2428 quod
530 2383 602 2419 aer
640 2383 681 2418 in
715 2382 931 2428 apertione
966 2382 1196 2418 tabularum
1232 2382 1349 2417 simul
1385 2383 1571 2428 tempore
1607 2383 1780 2427 occupat

104 2441 233 2477 totum
264 2441 439 2487 spatium
478 2434 716 2478 tabularum.
765 2441 871 2487 Ergo
909 2441 1026 2477 simul
1065 2441 1210 2477 transit
1247 2450 1322 2486 per
1355 2442 1481 2477 totam
1519 2441 1779 2487 superficiem

104 2500 326 2546 utriusque.

245 2561 276 2596 7.
302 2559 645 2605 Respondebatur
672 2561 781 2605 quod
807 2560 971 2596 tabulae
997 2570 1081 2596 non
1107 2560 1342 2605 aperiantur
1367 2560 1408 2596 in
1433 2560 1611 2603 instanti,
1639 2561 1713 2596 sed
1739 2560 1780 2597 in

53 2630 88 2656 40
105 2619 304 2664 tempore,
332 2620 372 2655 et
397 2619 438 2655 in
466 2619 613 2655 eodem
638 2620 825 2665 tempore
852 2620 996 2656 transit
1021 2620 1093 2656 aer
1118 2629 1193 2665 per
1218 2619 1396 2655 medium
1423 2620 1661 2656 tabularum.

247 2677 419 2715 Contra:
447 2678 488 2715 Si
503 2680 516 2722 ΙΙ
530 2678 587 2714 ita
613 2679 687 2720 est,
713 2688 786 2715 aer
803 2679 844 2715 in
864 2678 1078 2724 apertione
1100 2678 1328 2715 tabularum
1348 2678 1494 2714 transit
1513 2679 1564 2714 ab
1586 2679 1781 2715 extremis
1802 2685 1862 2716 rol.
1884 2685 1989 2716 31⁷‘a

107 2737 259 2782 apertis
279 2737 332 2773 ad
352 2737 541 2773 medium.
581 2737 684 2774 Volo
700 2747 798 2783 ergo
814 2738 923 2783 quod
934 2737 1092 2774 medius
1113 2738 1287 2783 punctus
1306 2738 1533 2774 tabularum
1553 2739 1724 2774 vocetur
1733 2739 1777 2774 A.

247 2836 268 2869 6
293 2835 561 2875 Hexaemeron]
588 2845 660 2869 exa
733 2837 751 2869 7
779 2835 920 2875 cuncta]
939 2838 982 2868 ca
1055 2837 1074 2869 9
1100 2837 1136 2868 in
1155 2835 1336 2875 mensura]
1356 2836 1569 2868 immensam
1638 2837 1677 2869 11
1706 2837 1778 2869 dei-

107 2888 337 2928 formitatem]
364 2890 627 2922 deformitatem
653 2891 687 2922 et
711 2890 764 2922 sic
790 2890 961 2930 deinceps
1069 2889 1110 2921 22
1139 2888 1242 2927 alius]
1275 2889 1366 2921 alios
1474 2889 1517 2922 30
1544 2889 1661 2928 omne]
1695 2898 1777 2922 esse

107 2942 151 2975 36
176 2941 326 2981 certum]
351 2943 459 2975 certis

247 3036 260 3058 ¹
284 3036 341 3076 IV,
368 3037 410 3069 33
437 3036 509 3077 (PL
535 3037 589 3076 34,
615 3038 682 3070 319
709 3046 742 3069 n.
770 3036 838 3076 54).

246 3088 262 3111 2
286 3090 332 3122 In
355 3090 530 3122 Hezaem.
557 3091 580 3129 I,
608 3091 627 3123 9
654 3088 725 3129 (PL
752 3091 804 3129 14,
834 3089 924 3130 154).
1067 3089 1082 3112 3
1107 3090 1237 3122 Nescio
1265 3099 1335 3130 quo
1360 3090 1441 3122 loco
1467 3090 1647 3122 doceatur.
