<?xml version="1.0" encoding="UTF-8"?>
<!DOCTYPE html PUBLIC "-//W3C//DTD XHTML 1.0 Transitional//EN"
    "http://www.w3.org/TR/xhtml1/DTD/xhtml1-transitional.dtd">
<html xmlns="http://www.w3.org/1999/xhtml" xml:lang="en" lang="en">
 <head>
  <title>
</title>
<meta http-equiv="Content-Type" content="text/html;charset=utf-8" />
  <meta name='ocr-system' content='tesseract 3.04.00' />
  <meta name='ocr-capabilities' content='ocr_page ocr_carea ocr_par ocr_line ocrx_word'/>
</head>
<body>
  <div class='ocr_page' id='page_1' title='image "./johannispechamiq00peck/johannispechamiq00peck_0189.png"; bbox 0 0 2095 3459; ppageno 0'>
   <div class='ocr_carea' id='block_1_1' title="bbox 783 197 1788 240">
    <p class='ocr_par' dir='ltr' id='par_1_1' title="bbox 783 197 1788 240">
     <span class='ocr_line' id='line_1_1' title="bbox 783 197 1788 240; baseline -0.001 -5"><span class='ocrx_word' id='word_1_1' title='bbox 783 202 955 240; x_wconf 80' lang='lat' dir='ltr'><strong>Quaestio</strong></span> <span class='ocrx_word' id='word_1_2' title='bbox 982 203 1083 236; x_wconf 81' lang='lat' dir='ltr'>XVII.</span> <span class='ocrx_word' id='word_1_3' title='bbox 1721 197 1788 234; x_wconf 82' lang='lat'>145</span> 
     </span>
    </p>
   </div>
   <div class='ocr_carea' id='block_1_2' title="bbox 69 300 1791 641">
    <p class='ocr_par' dir='ltr' id='par_1_2' title="bbox 106 300 1791 523">
     <span class='ocr_line' id='line_1_2' title="bbox 245 300 1789 345; baseline -0.001 -10"><span class='ocrx_word' id='word_1_4' title='bbox 245 302 276 335; x_wconf 83' lang='lat'>5.</span> <span class='ocrx_word' id='word_1_5' title='bbox 305 300 365 335; x_wconf 83' lang='lat' dir='ltr'>Ad</span> <span class='ocrx_word' id='word_1_6' title='bbox 393 300 575 345; x_wconf 90' lang='lat' dir='ltr'>quintum</span> <span class='ocrx_word' id='word_1_7' title='bbox 603 300 821 336; x_wconf 88' lang='lat' dir='ltr'>dicendum</span> <span class='ocrx_word' id='word_1_8' title='bbox 848 301 954 345; x_wconf 80' lang='lat' dir='ltr'>quod</span> <span class='ocrx_word' id='word_1_9' title='bbox 978 310 1134 336; x_wconf 80' lang='lat' dir='ltr'>revera</span> <span class='ocrx_word' id='word_1_10' title='bbox 1162 301 1294 335; x_wconf 83' lang='lat' dir='ltr'>motus</span> <span class='ocrx_word' id='word_1_11' title='bbox 1322 301 1386 336; x_wconf 87' lang='lat' dir='ltr'>est</span> <span class='ocrx_word' id='word_1_12' title='bbox 1407 300 1670 335; x_wconf 88' lang='lat' dir='ltr'>necessarius</span> <span class='ocrx_word' id='word_1_13' title='bbox 1692 300 1789 335; x_wconf 90' lang='lat' dir='ltr'>ante</span> 
     </span>
     <span class='ocr_line' id='line_1_3' title="bbox 106 359 1790 412; baseline 0 -18"><span class='ocrx_word' id='word_1_14' title='bbox 106 359 370 395; x_wconf 82' lang='lat' dir='ltr'>mutationem</span> <span class='ocrx_word' id='word_1_15' title='bbox 405 359 443 395; x_wconf 93' lang='lat' dir='ltr'>in</span> <span class='ocrx_word' id='word_1_16' title='bbox 481 360 890 395; x_wconf 70' lang='lat' dir='ltr'>transmutationibus</span> <span class='ocrx_word' id='word_1_17' title='bbox 928 360 1193 412; x_wconf 30' lang='lat' dir='ltr'>naturalibus·</span> <span class='ocrx_word' id='word_1_18' title='bbox 1234 360 1275 395; x_wconf 91' lang='lat' dir='ltr'>ut</span> <span class='ocrx_word' id='word_1_19' title='bbox 1310 359 1460 395; x_wconf 81' lang='lat' dir='ltr'>(lictum</span> <span class='ocrx_word' id='word_1_20' title='bbox 1494 360 1592 400; x_wconf 81' lang='lat' dir='ltr'>est1,</span> <span class='ocrx_word' id='word_1_21' title='bbox 1632 359 1697 394; x_wconf 86' lang='lat' dir='ltr'>ubi</span> <span class='ocrx_word' id='word_1_22' title='bbox 1727 360 1790 394; x_wconf 88' lang='lat' dir='ltr'>est</span> 
     </span>
     <span class='ocr_line' id='line_1_4' title="bbox 106 413 1790 463; baseline 0 -10"><span class='ocrx_word' id='word_1_23' title='bbox 106 417 343 454; x_wconf 79' lang='lat' dir='ltr'>resistentia</span> <span class='ocrx_word' id='word_1_24' title='bbox 369 413 407 454; x_wconf 77' lang='lat' dir='ltr'>i&#39;n</span> <span class='ocrx_word' id='word_1_25' title='bbox 437 419 619 454; x_wconf 90' lang='lat' dir='ltr'>materia.</span> <span class='ocrx_word' id='word_1_26' title='bbox 670 419 712 454; x_wconf 82' lang='lat' dir='ltr'>ln</span> <span class='ocrx_word' id='word_1_27' title='bbox 741 421 856 463; x_wconf 86' lang='lat' dir='ltr'>parte</span> <span class='ocrx_word' id='word_1_28' title='bbox 883 420 1018 455; x_wconf 89' lang='lat' dir='ltr'>autem</span> <span class='ocrx_word' id='word_1_29' title='bbox 1049 419 1137 459; x_wconf 83' lang='lat' dir='ltr'>ista,</span> <span class='ocrx_word' id='word_1_30' title='bbox 1166 419 1351 463; x_wconf 83' lang='lat' dir='ltr'>quamvis</span> <span class='ocrx_word' id='word_1_31' title='bbox 1379 428 1458 453; x_wconf 88' lang='lat' dir='ltr'>non</span> <span class='ocrx_word' id='word_1_32' title='bbox 1482 418 1533 453; x_wconf 86' lang='lat' dir='ltr'>sit</span> <span class='ocrx_word' id='word_1_33' title='bbox 1553 417 1790 454; x_wconf 84' lang='lat' dir='ltr'>resistentia</span> 
     </span>
     <span class='ocr_line' id='line_1_5' title="bbox 106 476 1791 523; baseline 0 -11"><span class='ocrx_word' id='word_1_34' title='bbox 106 476 146 512; x_wconf 90' lang='lat' dir='ltr'>in</span> <span class='ocrx_word' id='word_1_35' title='bbox 182 477 364 519; x_wconf 87' lang='lat' dir='ltr'>materia,</span> <span class='ocrx_word' id='word_1_36' title='bbox 404 479 465 513; x_wconf 91' lang='lat' dir='ltr'>est</span> <span class='ocrx_word' id='word_1_37' title='bbox 500 479 638 514; x_wconf 91' lang='lat' dir='ltr'>tamen</span> <span class='ocrx_word' id='word_1_38' title='bbox 675 480 789 514; x_wconf 88' lang='lat' dir='ltr'>certa</span> <span class='ocrx_word' id='word_1_39' title='bbox 823 478 1034 523; x_wconf 86' lang='lat' dir='ltr'>proportio</span> <span class='ocrx_word' id='word_1_40' title='bbox 1073 478 1109 513; x_wconf 89' lang='lat' dir='ltr'>in</span> <span class='ocrx_word' id='word_1_41' title='bbox 1148 478 1329 513; x_wconf 85' lang='lat' dir='ltr'>materia.</span> <span class='ocrx_word' id='word_1_42' title='bbox 1381 477 1468 512; x_wconf 87' lang='lat' dir='ltr'>Non</span> <span class='ocrx_word' id='word_1_43' title='bbox 1506 477 1613 512; x_wconf 77' lang='lat' dir='ltr'>enlm</span> <span class='ocrx_word' id='word_1_44' title='bbox 1653 478 1791 521; x_wconf 91' lang='lat' dir='ltr'>potest</span> 
     </span>
    </p>

    <p class='ocr_par' dir='ltr' id='par_1_3' title="bbox 69 536 1789 641">
     <span class='ocr_line' id='line_1_6' title="bbox 69 536 1789 582; baseline 0.001 -12"><span class='ocrx_word' id='word_1_45' title='bbox 69 544 84 569; x_wconf 80' lang='lat'><strong>5</strong></span> <span class='ocrx_word' id='word_1_46' title='bbox 105 545 254 581; x_wconf 88' lang='lat' dir='ltr'>corpus</span> <span class='ocrx_word' id='word_1_47' title='bbox 281 537 503 582; x_wconf 89' lang='lat' dir='ltr'>gloriosum</span> <span class='ocrx_word' id='word_1_48' title='bbox 530 538 693 582; x_wconf 89' lang='lat' dir='ltr'>aequali</span> <span class='ocrx_word' id='word_1_49' title='bbox 720 537 931 579; x_wconf 85' lang='lat' dir='ltr'>celeritate</span> <span class='ocrx_word' id='word_1_50' title='bbox 958 537 1159 582; x_wconf 87' lang='lat' dir='ltr'>replicare</span> <span class='ocrx_word' id='word_1_51' title='bbox 1187 546 1233 572; x_wconf 91' lang='lat' dir='ltr'>se</span> <span class='ocrx_word' id='word_1_52' title='bbox 1261 546 1385 581; x_wconf 91' lang='lat' dir='ltr'>super</span> <span class='ocrx_word' id='word_1_53' title='bbox 1418 536 1592 581; x_wconf 86' lang='lat' dir='ltr'>spatium</span> <span class='ocrx_word' id='word_1_54' title='bbox 1626 536 1789 581; x_wconf 90' lang='lat' dir='ltr'>duplum</span> 
     </span>
     <span class='ocr_line' id='line_1_7' title="bbox 105 595 427 641; baseline 0.003 -10"><span class='ocrx_word' id='word_1_55' title='bbox 105 596 146 631; x_wconf 89' lang='lat' dir='ltr'>et</span> <span class='ocrx_word' id='word_1_56' title='bbox 173 595 427 641; x_wconf 88' lang='lat' dir='ltr'>subduplum.</span> 
     </span>
    </p>
   </div>
   <div class='ocr_carea' id='block_1_3' title="bbox 244 655 1999 700">
    <p class='ocr_par' dir='ltr' id='par_1_4' title="bbox 244 655 1999 700">
     <span class='ocr_line' id='line_1_8' title="bbox 244 655 1999 700; baseline 0.003 -9"><span class='ocrx_word' id='word_1_57' title='bbox 244 657 276 691; x_wconf 84' lang='grc'>6.</span> <span class='ocrx_word' id='word_1_58' title='bbox 304 656 364 691; x_wconf 91' lang='lat' dir='ltr'>Ad</span> <span class='ocrx_word' id='word_1_59' title='bbox 394 657 557 692; x_wconf 84' lang='lat' dir='ltr'>sextum</span> <span class='ocrx_word' id='word_1_60' title='bbox 585 656 803 692; x_wconf 90' lang='lat' dir='ltr'>dicendum</span> <span class='ocrx_word' id='word_1_61' title='bbox 829 656 937 700; x_wconf 90' lang='lat' dir='ltr'>quod</span> <span class='ocrx_word' id='word_1_62' title='bbox 973 656 1048 692; x_wconf 74' lang='lat' dir='ltr'>aer</span> <span class='ocrx_word' id='word_1_63' title='bbox 1082 655 1325 692; x_wconf 80' lang='lat' dir='ltr'>naturaliter</span> <span class='ocrx_word' id='word_1_64' title='bbox 1357 656 1789 698; x_wconf 78' lang='lat' dir='ltr'>in-!lh11midissimum</span> <span class='ocrx_word' id='word_1_65' title='bbox 1811 665 1871 696; x_wconf 78' lang='lat' dir='ltr'>sol.</span> <span class='ocrx_word' id='word_1_66' title='bbox 1893 665 1999 696; x_wconf 76' lang='lat' dir='ltr'>32va</span> 
     </span>
    </p>
   </div>
   <div class='ocr_carea' id='block_1_4' title="bbox 56 714 1793 2901">
    <p class='ocr_par' dir='ltr' id='par_1_5' title="bbox 106 714 1791 760">
     <span class='ocr_line' id='line_1_9' title="bbox 106 714 1791 760; baseline 0 -9"><span class='ocrx_word' id='word_1_67' title='bbox 106 715 405 751; x_wconf 87' lang='lat' dir='ltr'>elementorum</span> <span class='ocrx_word' id='word_1_68' title='bbox 433 716 473 751; x_wconf 92' lang='lat' dir='ltr'>et</span> <span class='ocrx_word' id='word_1_69' title='bbox 499 715 592 752; x_wconf 89' lang='lat' dir='ltr'>ideo</span> <span class='ocrx_word' id='word_1_70' title='bbox 619 715 786 752; x_wconf 89' lang='lat' dir='ltr'>maioris</span> <span class='ocrx_word' id='word_1_71' title='bbox 815 716 879 751; x_wconf 87' lang='lat' dir='ltr'>est</span> <span class='ocrx_word' id='word_1_72' title='bbox 904 715 1201 752; x_wconf 87' lang='lat' dir='ltr'>adhaerentiae</span> <span class='ocrx_word' id='word_1_73' title='bbox 1229 724 1350 760; x_wconf 90' lang='lat' dir='ltr'>quam</span> <span class='ocrx_word' id='word_1_74' title='bbox 1371 724 1489 760; x_wconf 89' lang='lat' dir='ltr'>aqua.</span> <span class='ocrx_word' id='word_1_75' title='bbox 1528 714 1658 757; x_wconf 80' lang='lat' dir='ltr'>Unde,</span> <span class='ocrx_word' id='word_1_76' title='bbox 1686 715 1791 752; x_wconf 88' lang='lat' dir='ltr'>sicut</span> 
     </span>
    </p>

    <p class='ocr_par' dir='ltr' id='par_1_6' title="bbox 56 774 1792 880">
     <span class='ocr_line' id='line_1_10' title="bbox 105 774 1792 820; baseline 0.001 -10"><span class='ocrx_word' id='word_1_77' title='bbox 105 775 359 820; x_wconf 90' lang='lat' dir='ltr'>impossibile</span> <span class='ocrx_word' id='word_1_78' title='bbox 388 776 451 811; x_wconf 92' lang='lat' dir='ltr'>est</span> <span class='ocrx_word' id='word_1_79' title='bbox 478 775 579 811; x_wconf 79' lang='lat' dir='ltr'>duas</span> <span class='ocrx_word' id='word_1_80' title='bbox 608 774 850 820; x_wconf 76' lang='lat' dir='ltr'>superficies</span> <span class='ocrx_word' id='word_1_81' title='bbox 877 775 919 811; x_wconf 91' lang='lat' dir='ltr'>in</span> <span class='ocrx_word' id='word_1_82' title='bbox 944 784 1053 820; x_wconf 88' lang='lat' dir='ltr'>aqua</span> <span class='ocrx_word' id='word_1_83' title='bbox 1079 774 1283 820; x_wconf 90' lang='lat' dir='ltr'>coniungi,</span> <span class='ocrx_word' id='word_1_84' title='bbox 1322 774 1419 819; x_wconf 89' lang='lat' dir='ltr'>quin</span> <span class='ocrx_word' id='word_1_85' title='bbox 1452 774 1559 810; x_wconf 86' lang='lat' dir='ltr'>inter</span> <span class='ocrx_word' id='word_1_86' title='bbox 1585 784 1657 810; x_wconf 92' lang='lat' dir='ltr'>eas</span> <span class='ocrx_word' id='word_1_87' title='bbox 1684 783 1792 819; x_wconf 91' lang='lat' dir='ltr'>aqua</span> 
     </span>
     <span class='ocr_line' id='line_1_11' title="bbox 56 834 1789 880; baseline 0.002 -13"><span class='ocrx_word' id='word_1_88' title='bbox 56 841 87 866; x_wconf 91' lang='lat'>10</span> <span class='ocrx_word' id='word_1_89' title='bbox 107 834 330 876; x_wconf 87' lang='lat' dir='ltr'>claudatur,</span> <span class='ocrx_word' id='word_1_90' title='bbox 356 834 413 870; x_wconf 92' lang='lat' dir='ltr'>ita</span> <span class='ocrx_word' id='word_1_91' title='bbox 438 834 693 879; x_wconf 88' lang='lat' dir='ltr'>impossibile</span> <span class='ocrx_word' id='word_1_92' title='bbox 722 835 787 870; x_wconf 87' lang='lat' dir='ltr'>est</span> <span class='ocrx_word' id='word_1_93' title='bbox 812 834 937 870; x_wconf 92' lang='lat' dir='ltr'>multo</span> <span class='ocrx_word' id='word_1_94' title='bbox 964 834 1095 880; x_wconf 89' lang='lat' dir='ltr'>magis</span> <span class='ocrx_word' id='word_1_95' title='bbox 1123 834 1317 880; x_wconf 91' lang='lat' dir='ltr'>coniungi</span> <span class='ocrx_word' id='word_1_96' title='bbox 1349 834 1451 870; x_wconf 88' lang='lat' dir='ltr'>duas</span> <span class='ocrx_word' id='word_1_97' title='bbox 1480 835 1722 879; x_wconf 78' lang='lat' dir='ltr'>superficies</span> <span class='ocrx_word' id='word_1_98' title='bbox 1750 835 1789 870; x_wconf 91' lang='lat' dir='ltr'>in</span> 
     </span>
    </p>

    <p class='ocr_par' dir='ltr' id='par_1_7' title="bbox 105 885 1790 939">
     <span class='ocr_line' id='line_1_12' title="bbox 105 885 1790 939; baseline 0.001 -10"><span class='ocrx_word' id='word_1_99' title='bbox 105 895 216 936; x_wconf 72' lang='lat' dir='ltr'>aere,</span> <span class='ocrx_word' id='word_1_100' title='bbox 243 894 340 939; x_wconf 88' lang='lat' dir='ltr'>quin</span> <span class='ocrx_word' id='word_1_101' title='bbox 366 895 440 930; x_wconf 71' lang='lat' dir='ltr'>aer</span> <span class='ocrx_word' id='word_1_102' title='bbox 457 894 750 939; x_wconf 89' lang='lat' dir='ltr'>intercipiatur.</span> <span class='ocrx_word' id='word_1_103' title='bbox 793 894 841 930; x_wconf 91' lang='lat' dir='ltr'>Et</span> <span class='ocrx_word' id='word_1_104' title='bbox 862 885 897 930; x_wconf 90' lang='lat' dir='ltr'>si</span> <span class='ocrx_word' id='word_1_105' title='bbox 917 895 1164 939; x_wconf 85' lang='lat' dir='ltr'>separentur</span> <span class='ocrx_word' id='word_1_106' title='bbox 1184 894 1347 930; x_wconf 86' lang='lat' dir='ltr'>tabulae</span> <span class='ocrx_word' id='word_1_107' title='bbox 1369 893 1421 929; x_wconf 88' lang='lat' dir='ltr'>ad</span> <span class='ocrx_word' id='word_1_108' title='bbox 1441 893 1629 935; x_wconf 86' lang='lat' dir='ltr'>invicem,</span> <span class='ocrx_word' id='word_1_109' title='bbox 1656 903 1790 939; x_wconf 85' lang='lat' dir='ltr'>aeque</span> 
     </span>
    </p>

    <p class='ocr_par' dir='ltr' id='par_1_8' title="bbox 107 953 1791 999">
     <span class='ocr_line' id='line_1_13' title="bbox 107 953 1791 999; baseline -0.001 -10"><span class='ocrx_word' id='word_1_110' title='bbox 107 954 309 990; x_wconf 86' lang='lat' dir='ltr'>distanter</span> <span class='ocrx_word' id='word_1_111' title='bbox 342 954 484 991; x_wconf 89' lang='lat' dir='ltr'>rarefit</span> <span class='ocrx_word' id='word_1_112' title='bbox 519 955 592 991; x_wconf 73' lang='lat' dir='ltr'>aer</span> <span class='ocrx_word' id='word_1_113' title='bbox 626 954 886 996; x_wconf 88' lang='lat' dir='ltr'>interclusus,</span> <span class='ocrx_word' id='word_1_114' title='bbox 925 956 1060 991; x_wconf 89' lang='lat' dir='ltr'>donec</span> <span class='ocrx_word' id='word_1_115' title='bbox 1095 955 1198 991; x_wconf 82' lang='lat' dir='ltr'>alius</span> <span class='ocrx_word' id='word_1_116' title='bbox 1236 955 1449 991; x_wconf 87' lang='lat' dir='ltr'>subintret.</span> <span class='ocrx_word' id='word_1_117' title='bbox 1499 954 1690 999; x_wconf 89' lang='lat' dir='ltr'>Alioquin</span> <span class='ocrx_word' id='word_1_118' title='bbox 1723 953 1791 989; x_wconf 91' lang='lat' dir='ltr'>im-</span> 
     </span>
    </p>

    <p class='ocr_par' dir='ltr' id='par_1_9' title="bbox 106 1013 1792 1059">
     <span class='ocr_line' id='line_1_14' title="bbox 106 1013 1792 1059; baseline 0 -9"><span class='ocrx_word' id='word_1_119' title='bbox 106 1013 304 1058; x_wconf 87' lang='lat' dir='ltr'>possibile</span> <span class='ocrx_word' id='word_1_120' title='bbox 341 1014 454 1050; x_wconf 91' lang='lat' dir='ltr'>esset</span> <span class='ocrx_word' id='word_1_121' title='bbox 490 1023 562 1050; x_wconf 89' lang='lat' dir='ltr'>eas</span> <span class='ocrx_word' id='word_1_122' title='bbox 598 1014 723 1050; x_wconf 88' lang='lat' dir='ltr'>dividi</span> <span class='ocrx_word' id='word_1_123' title='bbox 749 1015 800 1050; x_wconf 91' lang='lat' dir='ltr'>ab</span> <span class='ocrx_word' id='word_1_124' title='bbox 836 1014 1010 1050; x_wconf 88' lang='lat' dir='ltr'>invicem</span> <span class='ocrx_word' id='word_1_125' title='bbox 1047 1024 1122 1059; x_wconf 86' lang='lat' dir='ltr'>per</span> <span class='ocrx_word' id='word_1_126' title='bbox 1156 1014 1306 1050; x_wconf 88' lang='lat' dir='ltr'>lineam</span> <span class='ocrx_word' id='word_1_127' title='bbox 1338 1015 1625 1059; x_wconf 88' lang='lat' dir='ltr'>penetrantem</span> <span class='ocrx_word' id='word_1_128' title='bbox 1654 1014 1792 1059; x_wconf 90' lang='lat' dir='ltr'>spissi-</span> 
     </span>
    </p>

    <p class='ocr_par' dir='ltr' id='par_1_10' title="bbox 56 1073 1791 1169">
     <span class='ocr_line' id='line_1_15' title="bbox 106 1073 1791 1119; baseline 0 -10"><span class='ocrx_word' id='word_1_129' title='bbox 106 1073 289 1109; x_wconf 86' lang='lat' dir='ltr'>tudinem</span> <span class='ocrx_word' id='word_1_130' title='bbox 326 1082 479 1114; x_wconf 85' lang='lat' dir='ltr'>earum,</span> <span class='ocrx_word' id='word_1_131' title='bbox 518 1073 593 1109; x_wconf 90' lang='lat' dir='ltr'>sed</span> <span class='ocrx_word' id='word_1_132' title='bbox 629 1073 759 1119; x_wconf 89' lang='lat' dir='ltr'>magis</span> <span class='ocrx_word' id='word_1_133' title='bbox 793 1074 1018 1109; x_wconf 83' lang='lat' dir='ltr'>secundum</span> <span class='ocrx_word' id='word_1_134' title='bbox 1052 1073 1307 1109; x_wconf 88' lang='lat' dir='ltr'>latitudinem</span> <span class='ocrx_word' id='word_1_135' title='bbox 1340 1082 1422 1109; x_wconf 87' lang='lat' dir='ltr'>una</span> <span class='ocrx_word' id='word_1_136' title='bbox 1448 1073 1499 1109; x_wconf 92' lang='lat' dir='ltr'>ab</span> <span class='ocrx_word' id='word_1_137' title='bbox 1526 1073 1607 1109; x_wconf 87' lang='lat' dir='ltr'>alia</span> <span class='ocrx_word' id='word_1_138' title='bbox 1632 1074 1791 1109; x_wconf 89' lang='lat' dir='ltr'>remota</span> 
     </span>
     <span class='ocr_line' id='line_1_16' title="bbox 56 1132 276 1169; baseline 0.009 -3"><span class='ocrx_word' id='word_1_139' title='bbox 56 1142 87 1167; x_wconf 84' lang='lat'>15</span> <span class='ocrx_word' id='word_1_140' title='bbox 107 1132 276 1169; x_wconf 86' lang='lat' dir='ltr'>laterali.</span> 
     </span>
    </p>

    <p class='ocr_par' dir='ltr' id='par_1_11' title="bbox 247 1191 764 1238">
     <span class='ocr_line' id='line_1_17' title="bbox 247 1191 764 1238; baseline 0.004 -11"><span class='ocrx_word' id='word_1_141' title='bbox 247 1193 278 1227; x_wconf 86' lang='lat'>7.</span> <span class='ocrx_word' id='word_1_142' title='bbox 306 1191 368 1227; x_wconf 92' lang='lat' dir='ltr'>Ad</span> <span class='ocrx_word' id='word_1_143' title='bbox 395 1192 613 1237; x_wconf 90' lang='lat' dir='ltr'>septimum</span> <span class='ocrx_word' id='word_1_144' title='bbox 639 1193 764 1238; x_wconf 86' lang='lat' dir='ltr'>patet.</span> 
     </span>
    </p>

    <p class='ocr_par' dir='ltr' id='par_1_12' title="bbox 107 1251 1792 1418">
     <span class='ocr_line' id='line_1_18' title="bbox 246 1251 1791 1298; baseline 0 -10"><span class='ocrx_word' id='word_1_145' title='bbox 246 1255 278 1288; x_wconf 80' lang='grc'>8.</span> <span class='ocrx_word' id='word_1_146' title='bbox 305 1251 366 1288; x_wconf 89' lang='lat' dir='ltr'>Ad</span> <span class='ocrx_word' id='word_1_147' title='bbox 394 1253 585 1289; x_wconf 90' lang='lat' dir='ltr'>octavum</span> <span class='ocrx_word' id='word_1_148' title='bbox 611 1252 830 1289; x_wconf 90' lang='lat' dir='ltr'>dicendum</span> <span class='ocrx_word' id='word_1_149' title='bbox 857 1253 966 1298; x_wconf 91' lang='lat' dir='ltr'>quod</span> <span class='ocrx_word' id='word_1_150' title='bbox 994 1252 1286 1298; x_wconf 88' lang='lat' dir='ltr'>praerogativa</span> <span class='ocrx_word' id='word_1_151' title='bbox 1321 1252 1504 1297; x_wconf 88' lang='lat' dir='ltr'>corporis</span> <span class='ocrx_word' id='word_1_152' title='bbox 1543 1252 1713 1298; x_wconf 82' lang='lat' dir='ltr'>gloriosi</span> <span class='ocrx_word' id='word_1_153' title='bbox 1750 1253 1791 1288; x_wconf 88' lang='lat' dir='ltr'>in</span> 
     </span>
     <span class='ocr_line' id='line_1_19' title="bbox 107 1312 1792 1358; baseline 0 -9"><span class='ocrx_word' id='word_1_154' title='bbox 107 1314 220 1349; x_wconf 90' lang='lat' dir='ltr'>motu</span> <span class='ocrx_word' id='word_1_155' title='bbox 244 1322 328 1349; x_wconf 88' lang='lat' dir='ltr'>non</span> <span class='ocrx_word' id='word_1_156' title='bbox 361 1312 550 1348; x_wconf 86' lang='lat' dir='ltr'>consistit</span> <span class='ocrx_word' id='word_1_157' title='bbox 581 1313 737 1348; x_wconf 89' lang='lat' dir='ltr'>tantum</span> <span class='ocrx_word' id='word_1_158' title='bbox 772 1312 813 1348; x_wconf 91' lang='lat' dir='ltr'>in</span> <span class='ocrx_word' id='word_1_159' title='bbox 841 1312 1073 1355; x_wconf 82' lang='lat' dir='ltr'>velocitate,</span> <span class='ocrx_word' id='word_1_160' title='bbox 1112 1322 1254 1348; x_wconf 90' lang='lat' dir='ltr'>verum</span> <span class='ocrx_word' id='word_1_161' title='bbox 1295 1313 1418 1349; x_wconf 86' lang='lat' dir='ltr'>etiam</span> <span class='ocrx_word' id='word_1_162' title='bbox 1455 1313 1496 1349; x_wconf 93' lang='lat' dir='ltr'>in</span> <span class='ocrx_word' id='word_1_163' title='bbox 1532 1313 1792 1358; x_wconf 89' lang='lat' dir='ltr'>penetrativa</span> 
     </span>
     <span class='ocr_line' id='line_1_20' title="bbox 109 1372 1791 1418; baseline -0.001 -9"><span class='ocrx_word' id='word_1_164' title='bbox 109 1372 342 1414; x_wconf 87' lang='lat' dir='ltr'>subtilitate,</span> <span class='ocrx_word' id='word_1_165' title='bbox 370 1372 465 1417; x_wconf 91' lang='lat' dir='ltr'>quia</span> <span class='ocrx_word' id='word_1_166' title='bbox 484 1372 631 1408; x_wconf 87' lang='lat' dir='ltr'>transit</span> <span class='ocrx_word' id='word_1_167' title='bbox 649 1372 740 1408; x_wconf 88' lang='lat' dir='ltr'>aliis</span> <span class='ocrx_word' id='word_1_168' title='bbox 762 1372 1003 1417; x_wconf 86' lang='lat' dir='ltr'>corporibus</span> <span class='ocrx_word' id='word_1_169' title='bbox 1024 1372 1222 1409; x_wconf 90' lang='lat' dir='ltr'>indivisis.</span> <span class='ocrx_word' id='word_1_170' title='bbox 1260 1372 1380 1409; x_wconf 88' lang='lat' dir='ltr'>Unde</span> <span class='ocrx_word' id='word_1_171' title='bbox 1402 1372 1437 1408; x_wconf 93' lang='lat' dir='ltr'>si</span> <span class='ocrx_word' id='word_1_172' title='bbox 1456 1372 1620 1418; x_wconf 86' lang='lat' dir='ltr'>aliquod</span> <span class='ocrx_word' id='word_1_173' title='bbox 1642 1372 1791 1408; x_wconf 89' lang='lat' dir='ltr'>mobile</span> 
     </span>
    </p>

    <p class='ocr_par' dir='ltr' id='par_1_13' title="bbox 56 1432 1793 1717">
     <span class='ocr_line' id='line_1_21' title="bbox 56 1432 1791 1478; baseline -0.001 -8"><span class='ocrx_word' id='word_1_174' title='bbox 56 1436 90 1461; x_wconf 82' lang='lat'>20</span> <span class='ocrx_word' id='word_1_175' title='bbox 109 1433 350 1470; x_wconf 87' lang='lat' dir='ltr'>naturaliter</span> <span class='ocrx_word' id='word_1_176' title='bbox 374 1434 528 1469; x_wconf 90' lang='lat' dir='ltr'>motum</span> <span class='ocrx_word' id='word_1_177' title='bbox 554 1433 699 1478; x_wconf 87' lang='lat' dir='ltr'>posset</span> <span class='ocrx_word' id='word_1_178' title='bbox 723 1442 858 1478; x_wconf 87' lang='lat' dir='ltr'>aeque</span> <span class='ocrx_word' id='word_1_179' title='bbox 885 1432 1078 1469; x_wconf 88' lang='lat' dir='ltr'>celeriter</span> <span class='ocrx_word' id='word_1_180' title='bbox 1103 1432 1262 1469; x_wconf 90' lang='lat' dir='ltr'>moveri</span> <span class='ocrx_word' id='word_1_181' title='bbox 1289 1442 1380 1469; x_wconf 91' lang='lat' dir='ltr'>cum</span> <span class='ocrx_word' id='word_1_182' title='bbox 1401 1442 1576 1477; x_wconf 89' lang='lat' dir='ltr'>corpore</span> <span class='ocrx_word' id='word_1_183' title='bbox 1596 1432 1791 1478; x_wconf 85' lang='lat' dir='ltr'>glorioso,</span> 
     </span>
     <span class='ocr_line' id='line_1_22' title="bbox 108 1491 1793 1538; baseline -0.001 -9"><span class='ocrx_word' id='word_1_184' title='bbox 108 1503 193 1529; x_wconf 92' lang='lat' dir='ltr'>non</span> <span class='ocrx_word' id='word_1_185' title='bbox 218 1494 357 1530; x_wconf 88' lang='lat' dir='ltr'>tamen</span> <span class='ocrx_word' id='word_1_186' title='bbox 382 1502 517 1538; x_wconf 90' lang='lat' dir='ltr'>aeque</span> <span class='ocrx_word' id='word_1_187' title='bbox 543 1492 744 1529; x_wconf 87' lang='lat' dir='ltr'>nobiliter.</span> <span class='ocrx_word' id='word_1_188' title='bbox 794 1492 853 1528; x_wconf 87' lang='lat' dir='ltr'>Ita</span> <span class='ocrx_word' id='word_1_189' title='bbox 879 1492 1002 1528; x_wconf 89' lang='lat' dir='ltr'>etiam</span> <span class='ocrx_word' id='word_1_190' title='bbox 1022 1493 1167 1537; x_wconf 88' lang='lat' dir='ltr'>posset</span> <span class='ocrx_word' id='word_1_191' title='bbox 1187 1492 1373 1528; x_wconf 89' lang='lat' dir='ltr'>diabolus</span> <span class='ocrx_word' id='word_1_192' title='bbox 1393 1491 1499 1528; x_wconf 81' lang='lat' dir='ltr'>forte</span> <span class='ocrx_word' id='word_1_193' title='bbox 1520 1492 1577 1528; x_wconf 88' lang='lat' dir='ltr'>ita</span> <span class='ocrx_word' id='word_1_194' title='bbox 1593 1492 1793 1528; x_wconf 86' lang='lat' dir='ltr'>velociter</span> 
     </span>
     <span class='ocr_line' id='line_1_23' title="bbox 109 1552 1792 1598; baseline 0 -10"><span class='ocrx_word' id='word_1_195' title='bbox 109 1552 269 1589; x_wconf 88' lang='lat' dir='ltr'>moveri</span> <span class='ocrx_word' id='word_1_196' title='bbox 292 1553 337 1589; x_wconf 90' lang='lat' dir='ltr'>ut</span> <span class='ocrx_word' id='word_1_197' title='bbox 362 1562 511 1598; x_wconf 92' lang='lat' dir='ltr'>corpus</span> <span class='ocrx_word' id='word_1_198' title='bbox 538 1552 773 1598; x_wconf 89' lang='lat' dir='ltr'>gloriosum,</span> <span class='ocrx_word' id='word_1_199' title='bbox 799 1563 883 1589; x_wconf 94' lang='lat' dir='ltr'>non</span> <span class='ocrx_word' id='word_1_200' title='bbox 910 1554 1049 1589; x_wconf 89' lang='lat' dir='ltr'>tamen</span> <span class='ocrx_word' id='word_1_201' title='bbox 1076 1553 1133 1589; x_wconf 88' lang='lat' dir='ltr'>ita</span> <span class='ocrx_word' id='word_1_202' title='bbox 1157 1552 1417 1589; x_wconf 84' lang='lat' dir='ltr'>laudabiliter</span> <span class='ocrx_word' id='word_1_203' title='bbox 1451 1553 1494 1588; x_wconf 91' lang='lat' dir='ltr'>ut</span> <span class='ocrx_word' id='word_1_204' title='bbox 1526 1562 1675 1598; x_wconf 81' lang='lat' dir='ltr'>corpus</span> <span class='ocrx_word' id='word_1_205' title='bbox 1710 1552 1792 1598; x_wconf 91' lang='lat' dir='ltr'>glo-</span> 
     </span>
     <span class='ocr_line' id='line_1_24' title="bbox 110 1611 1790 1657; baseline 0 -9"><span class='ocrx_word' id='word_1_206' title='bbox 110 1611 275 1654; x_wconf 89' lang='lat' dir='ltr'>riosum,</span> <span class='ocrx_word' id='word_1_207' title='bbox 311 1612 421 1657; x_wconf 90' lang='lat' dir='ltr'>quod</span> <span class='ocrx_word' id='word_1_208' title='bbox 454 1621 579 1657; x_wconf 91' lang='lat' dir='ltr'>supra</span> <span class='ocrx_word' id='word_1_209' title='bbox 610 1612 797 1648; x_wconf 89' lang='lat' dir='ltr'>naturam</span> <span class='ocrx_word' id='word_1_210' title='bbox 824 1621 940 1648; x_wconf 89' lang='lat' dir='ltr'>suam</span> <span class='ocrx_word' id='word_1_211' title='bbox 966 1612 1104 1648; x_wconf 88' lang='lat' dir='ltr'>taliter</span> <span class='ocrx_word' id='word_1_212' title='bbox 1128 1613 1327 1648; x_wconf 89' lang='lat' dir='ltr'>movetur.</span> <span class='ocrx_word' id='word_1_213' title='bbox 1378 1611 1496 1648; x_wconf 90' lang='lat' dir='ltr'>Unde</span> <span class='ocrx_word' id='word_1_214' title='bbox 1523 1622 1615 1648; x_wconf 92' lang='lat' dir='ltr'>cum</span> <span class='ocrx_word' id='word_1_215' title='bbox 1641 1622 1790 1657; x_wconf 86' lang='lat' dir='ltr'>corpus</span> 
     </span>
     <span class='ocr_line' id='line_1_25' title="bbox 111 1671 1792 1717; baseline 0 -10"><span class='ocrx_word' id='word_1_216' title='bbox 111 1671 334 1717; x_wconf 89' lang='lat' dir='ltr'>gloriosum</span> <span class='ocrx_word' id='word_1_217' title='bbox 373 1672 562 1708; x_wconf 87' lang='lat' dir='ltr'>movetur</span> <span class='ocrx_word' id='word_1_218' title='bbox 598 1672 639 1708; x_wconf 92' lang='lat' dir='ltr'>in</span> <span class='ocrx_word' id='word_1_219' title='bbox 676 1671 817 1708; x_wconf 91' lang='lat' dir='ltr'>ultimo</span> <span class='ocrx_word' id='word_1_220' title='bbox 856 1671 1088 1708; x_wconf 87' lang='lat' dir='ltr'>velocitatis</span> <span class='ocrx_word' id='word_1_221' title='bbox 1125 1671 1289 1717; x_wconf 92' lang='lat' dir='ltr'>spiritus</span> <span class='ocrx_word' id='word_1_222' title='bbox 1327 1671 1544 1713; x_wconf 83' lang='lat' dir='ltr'>moventis,</span> <span class='ocrx_word' id='word_1_223' title='bbox 1583 1681 1792 1716; x_wconf 91' lang='lat' dir='ltr'>nunquam</span> 
     </span>
    </p>

    <p class='ocr_par' dir='ltr' id='par_1_14' title="bbox 58 1730 1792 2015">
     <span class='ocr_line' id='line_1_26' title="bbox 58 1730 1790 1777; baseline 0 -11"><span class='ocrx_word' id='word_1_224' title='bbox 58 1731 91 1757; x_wconf 76' lang='grc'>25</span> <span class='ocrx_word' id='word_1_225' title='bbox 112 1731 250 1776; x_wconf 89' lang='lat' dir='ltr'>potest</span> <span class='ocrx_word' id='word_1_226' title='bbox 276 1730 315 1767; x_wconf 89' lang='lat' dir='ltr'>ei</span> <span class='ocrx_word' id='word_1_227' title='bbox 334 1731 501 1767; x_wconf 90' lang='lat' dir='ltr'>alterius</span> <span class='ocrx_word' id='word_1_228' title='bbox 529 1731 713 1777; x_wconf 90' lang='lat' dir='ltr'>corporis</span> <span class='ocrx_word' id='word_1_229' title='bbox 734 1731 974 1767; x_wconf 86' lang='lat' dir='ltr'>naturaliter</span> <span class='ocrx_word' id='word_1_230' title='bbox 993 1730 1093 1767; x_wconf 84' lang='lat' dir='ltr'>moti</span> <span class='ocrx_word' id='word_1_231' title='bbox 1112 1731 1283 1777; x_wconf 88' lang='lat' dir='ltr'>aequari</span> <span class='ocrx_word' id='word_1_232' title='bbox 1303 1731 1514 1773; x_wconf 80' lang='lat' dir='ltr'>velocitas,</span> <span class='ocrx_word' id='word_1_233' title='bbox 1542 1731 1637 1776; x_wconf 89' lang='lat' dir='ltr'>quia</span> <span class='ocrx_word' id='word_1_234' title='bbox 1657 1732 1790 1767; x_wconf 89' lang='lat' dir='ltr'>motus</span> 
     </span>
     <span class='ocr_line' id='line_1_27' title="bbox 111 1790 1790 1836; baseline 0.001 -10"><span class='ocrx_word' id='word_1_235' title='bbox 111 1790 189 1826; x_wconf 89' lang='lat' dir='ltr'>iste</span> <span class='ocrx_word' id='word_1_236' title='bbox 210 1790 379 1836; x_wconf 86' lang='lat' dir='ltr'>gloriosi</span> <span class='ocrx_word' id='word_1_237' title='bbox 399 1790 583 1836; x_wconf 89' lang='lat' dir='ltr'>corporis</span> <span class='ocrx_word' id='word_1_238' title='bbox 604 1791 668 1827; x_wconf 91' lang='lat' dir='ltr'>est</span> <span class='ocrx_word' id='word_1_239' title='bbox 687 1790 728 1826; x_wconf 90' lang='lat' dir='ltr'>in</span> <span class='ocrx_word' id='word_1_240' title='bbox 748 1791 935 1836; x_wconf 89' lang='lat' dir='ltr'>tempore</span> <span class='ocrx_word' id='word_1_241' title='bbox 955 1790 1280 1836; x_wconf 85' lang='lat' dir='ltr'>imperceptibili.</span> <span class='ocrx_word' id='word_1_242' title='bbox 1307 1790 1440 1827; x_wconf 91' lang='lat' dir='ltr'>Aucta</span> <span class='ocrx_word' id='word_1_243' title='bbox 1461 1790 1569 1826; x_wconf 91' lang='lat' dir='ltr'>enim</span> <span class='ocrx_word' id='word_1_244' title='bbox 1590 1790 1790 1836; x_wconf 89' lang='lat' dir='ltr'>gravitate</span> 
     </span>
     <span class='ocr_line' id='line_1_28' title="bbox 112 1849 1792 1897; baseline 0 -11"><span class='ocrx_word' id='word_1_245' title='bbox 112 1849 295 1895; x_wconf 87' lang='lat' dir='ltr'>corporis</span> <span class='ocrx_word' id='word_1_246' title='bbox 322 1850 518 1887; x_wconf 88' lang='lat' dir='ltr'>naturalis</span> <span class='ocrx_word' id='word_1_247' title='bbox 545 1851 718 1897; x_wconf 88' lang='lat' dir='ltr'>augetur</span> <span class='ocrx_word' id='word_1_248' title='bbox 743 1851 955 1896; x_wconf 87' lang='lat' dir='ltr'>&lt;quidem&gt;</span> <span class='ocrx_word' id='word_1_249' title='bbox 981 1851 1218 1897; x_wconf 85' lang='lat' dir='ltr'>magnitudo</span> <span class='ocrx_word' id='word_1_250' title='bbox 1244 1851 1420 1894; x_wconf 87' lang='lat' dir='ltr'>&lt;motus;</span> <span class='ocrx_word' id='word_1_251' title='bbox 1448 1850 1545 1891; x_wconf 88' lang='lat' dir='ltr'>sed&gt;</span> <span class='ocrx_word' id='word_1_252' title='bbox 1579 1850 1657 1887; x_wconf 90' lang='lat' dir='ltr'>etsi</span> <span class='ocrx_word' id='word_1_253' title='bbox 1682 1851 1792 1887; x_wconf 86' lang='lat' dir='ltr'>velo-</span> 
     </span>
     <span class='ocr_line' id='line_1_29' title="bbox 112 1909 1791 1956; baseline 0 -11"><span class='ocrx_word' id='word_1_254' title='bbox 112 1909 197 1945; x_wconf 90' lang='lat' dir='ltr'>cior</span> <span class='ocrx_word' id='word_1_255' title='bbox 235 1909 287 1946; x_wconf 88' lang='lat' dir='ltr'>sit</span> <span class='ocrx_word' id='word_1_256' title='bbox 324 1910 458 1946; x_wconf 90' lang='lat' dir='ltr'>motus</span> <span class='ocrx_word' id='word_1_257' title='bbox 497 1919 552 1946; x_wconf 88' lang='lat' dir='ltr'>ex</span> <span class='ocrx_word' id='word_1_258' title='bbox 588 1911 810 1956; x_wconf 89' lang='lat' dir='ltr'>augmento</span> <span class='ocrx_word' id='word_1_259' title='bbox 848 1910 1072 1956; x_wconf 88' lang='lat' dir='ltr'>gravitatis,</span> <span class='ocrx_word' id='word_1_260' title='bbox 1110 1911 1250 1946; x_wconf 91' lang='lat' dir='ltr'>tamen</span> <span class='ocrx_word' id='word_1_261' title='bbox 1286 1918 1451 1955; x_wconf 89' lang='lat' dir='ltr'>semper</span> <span class='ocrx_word' id='word_1_262' title='bbox 1486 1910 1550 1945; x_wconf 88' lang='lat' dir='ltr'>est</span> <span class='ocrx_word' id='word_1_263' title='bbox 1585 1909 1791 1946; x_wconf 90' lang='lat' dir='ltr'>sensibilis</span> 
     </span>
     <span class='ocr_line' id='line_1_30' title="bbox 113 1968 1790 2015; baseline 0 -10"><span class='ocrx_word' id='word_1_264' title='bbox 113 1969 259 2011; x_wconf 90' lang='lat' dir='ltr'>motus,</span> <span class='ocrx_word' id='word_1_265' title='bbox 286 1969 381 2014; x_wconf 89' lang='lat' dir='ltr'>quia</span> <span class='ocrx_word' id='word_1_266' title='bbox 405 1969 527 2006; x_wconf 89' lang='lat' dir='ltr'>aucta</span> <span class='ocrx_word' id='word_1_267' title='bbox 546 1970 826 2015; x_wconf 84' lang='lat' dir='ltr'>magnitudine</span> <span class='ocrx_word' id='word_1_268' title='bbox 847 1970 1030 2012; x_wconf 89' lang='lat' dir='ltr'>&lt;motus&gt;</span> <span class='ocrx_word' id='word_1_269' title='bbox 1048 1970 1222 2015; x_wconf 85' lang='lat' dir='ltr'>augetur</span> <span class='ocrx_word' id='word_1_270' title='bbox 1241 1968 1480 2006; x_wconf 87' lang='lat' dir='ltr'>resistentia</span> <span class='ocrx_word' id='word_1_271' title='bbox 1498 1969 1633 2005; x_wconf 90' lang='lat' dir='ltr'>medii.</span> <span class='ocrx_word' id='word_1_272' title='bbox 1672 1968 1790 2005; x_wconf 87' lang='lat' dir='ltr'>Unde</span> 
     </span>
    </p>

    <p class='ocr_par' dir='ltr' id='par_1_15' title="bbox 59 2026 1790 2075">
     <span class='ocr_line' id='line_1_31' title="bbox 59 2026 1790 2075; baseline -0.001 -11"><span class='ocrx_word' id='word_1_273' title='bbox 59 2026 94 2053; x_wconf 76' lang='lat'>3⁰</span> <span class='ocrx_word' id='word_1_274' title='bbox 113 2038 196 2064; x_wconf 90' lang='lat' dir='ltr'>non</span> <span class='ocrx_word' id='word_1_275' title='bbox 224 2028 288 2064; x_wconf 92' lang='lat' dir='ltr'>est</span> <span class='ocrx_word' id='word_1_276' title='bbox 314 2028 480 2065; x_wconf 90' lang='lat' dir='ltr'>omnino</span> <span class='ocrx_word' id='word_1_277' title='bbox 506 2028 866 2074; x_wconf 85' lang='lat' dir='ltr'>proportionabilis</span> <span class='ocrx_word' id='word_1_278' title='bbox 893 2030 1027 2065; x_wconf 90' lang='lat' dir='ltr'>motus</span> <span class='ocrx_word' id='word_1_279' title='bbox 1054 2039 1139 2065; x_wconf 91' lang='lat' dir='ltr'>non</span> <span class='ocrx_word' id='word_1_280' title='bbox 1164 2028 1334 2075; x_wconf 88' lang='lat' dir='ltr'>gloriosi</span> <span class='ocrx_word' id='word_1_281' title='bbox 1359 2028 1411 2064; x_wconf 90' lang='lat' dir='ltr'>ad</span> <span class='ocrx_word' id='word_1_282' title='bbox 1438 2028 1591 2064; x_wconf 92' lang='lat' dir='ltr'>motum</span> <span class='ocrx_word' id='word_1_283' title='bbox 1611 2028 1790 2074; x_wconf 88' lang='lat' dir='ltr'>gloriosi.</span> 
     </span>
    </p>

    <p class='ocr_par' dir='ltr' id='par_1_16' title="bbox 113 2088 1793 2312">
     <span class='ocr_line' id='line_1_32' title="bbox 252 2088 1793 2134; baseline 0 -11"><span class='ocrx_word' id='word_1_284' title='bbox 252 2089 285 2124; x_wconf 83' lang='lat'>9.</span> <span class='ocrx_word' id='word_1_285' title='bbox 312 2088 374 2124; x_wconf 90' lang='lat' dir='ltr'>Ad</span> <span class='ocrx_word' id='word_1_286' title='bbox 400 2097 554 2124; x_wconf 92' lang='lat' dir='ltr'>nonum</span> <span class='ocrx_word' id='word_1_287' title='bbox 583 2088 801 2125; x_wconf 88' lang='lat' dir='ltr'>dicendum</span> <span class='ocrx_word' id='word_1_288' title='bbox 831 2089 940 2134; x_wconf 91' lang='lat' dir='ltr'>quod</span> <span class='ocrx_word' id='word_1_289' title='bbox 967 2088 1324 2134; x_wconf 84' lang='lat' dir='ltr'>Philosophus2</span> <span class='ocrx_word' id='word_1_290' title='bbox 1350 2088 1524 2125; x_wconf 88' lang='lat' dir='ltr'>dicendo</span> <span class='ocrx_word' id='word_1_291' title='bbox 1552 2088 1661 2133; x_wconf 92' lang='lat' dir='ltr'>quod</span> <span class='ocrx_word' id='word_1_292' title='bbox 1687 2088 1793 2124; x_wconf 88' lang='lat' dir='ltr'>inter</span> 
     </span>
     <span class='ocr_line' id='line_1_33' title="bbox 114 2146 1791 2194; baseline 0.001 -12"><span class='ocrx_word' id='word_1_293' title='bbox 114 2146 218 2182; x_wconf 90' lang='lat' dir='ltr'>duos</span> <span class='ocrx_word' id='word_1_294' title='bbox 244 2147 378 2183; x_wconf 91' lang='lat' dir='ltr'>motus</span> <span class='ocrx_word' id='word_1_295' title='bbox 405 2147 634 2184; x_wconf 89' lang='lat' dir='ltr'>contrarios</span> <span class='ocrx_word' id='word_1_296' title='bbox 661 2147 770 2184; x_wconf 89' lang='lat' dir='ltr'>cedit</span> <span class='ocrx_word' id='word_1_297' title='bbox 795 2148 911 2194; x_wconf 90' lang='lat' dir='ltr'>quies</span> <span class='ocrx_word' id='word_1_298' title='bbox 938 2148 1084 2190; x_wconf 89' lang='lat' dir='ltr'>media,</span> <span class='ocrx_word' id='word_1_299' title='bbox 1111 2148 1210 2184; x_wconf 90' lang='lat' dir='ltr'>nihil</span> <span class='ocrx_word' id='word_1_300' title='bbox 1229 2147 1405 2184; x_wconf 88' lang='lat' dir='ltr'>intendit</span> <span class='ocrx_word' id='word_1_301' title='bbox 1425 2147 1563 2184; x_wconf 82' lang='lat' dir='ltr'>dicere</span> <span class='ocrx_word' id='word_1_302' title='bbox 1584 2147 1663 2183; x_wconf 90' lang='lat' dir='ltr'>nisi</span> <span class='ocrx_word' id='word_1_303' title='bbox 1683 2147 1791 2192; x_wconf 82' lang='lat' dir='ltr'>quod</span> 
     </span>
     <span class='ocr_line' id='line_1_34' title="bbox 113 2205 1791 2253; baseline 0.001 -12"><span class='ocrx_word' id='word_1_304' title='bbox 113 2215 219 2241; x_wconf 91' lang='lat' dir='ltr'>unus</span> <span class='ocrx_word' id='word_1_305' title='bbox 245 2206 379 2242; x_wconf 90' lang='lat' dir='ltr'>motus</span> <span class='ocrx_word' id='word_1_306' title='bbox 406 2216 489 2243; x_wconf 87' lang='lat' dir='ltr'>non</span> <span class='ocrx_word' id='word_1_307' title='bbox 517 2207 581 2243; x_wconf 90' lang='lat' dir='ltr'>est</span> <span class='ocrx_word' id='word_1_308' title='bbox 599 2207 717 2244; x_wconf 86' lang='lat' dir='ltr'>alteri</span> <span class='ocrx_word' id='word_1_309' title='bbox 736 2207 1007 2244; x_wconf 89' lang='lat' dir='ltr'>immediatus.</span> <span class='ocrx_word' id='word_1_310' title='bbox 1047 2207 1151 2248; x_wconf 90' lang='lat' dir='ltr'>Quia</span> <span class='ocrx_word' id='word_1_311' title='bbox 1169 2207 1290 2253; x_wconf 90' lang='lat' dir='ltr'>igitur</span> <span class='ocrx_word' id='word_1_312' title='bbox 1310 2206 1513 2243; x_wconf 80' lang='lat' dir='ltr'>difficilius</span> <span class='ocrx_word' id='word_1_313' title='bbox 1534 2207 1601 2243; x_wconf 89' lang='lat' dir='ltr'>est</span> <span class='ocrx_word' id='word_1_314' title='bbox 1614 2205 1791 2251; x_wconf 89' lang='lat' dir='ltr'>lapidem</span> 
     </span>
     <span class='ocr_line' id='line_1_35' title="bbox 114 2264 1792 2312; baseline 0 -12"><span class='ocrx_word' id='word_1_315' title='bbox 114 2264 270 2301; x_wconf 87' lang='lat' dir='ltr'>directe</span> <span class='ocrx_word' id='word_1_316' title='bbox 295 2264 507 2310; x_wconf 86' lang='lat' dir='ltr'>impellere</span> <span class='ocrx_word' id='word_1_317' title='bbox 534 2275 696 2302; x_wconf 90' lang='lat' dir='ltr'>sursum</span> <span class='ocrx_word' id='word_1_318' title='bbox 721 2276 844 2311; x_wconf 89' lang='lat' dir='ltr'>quam</span> <span class='ocrx_word' id='word_1_319' title='bbox 869 2266 1033 2312; x_wconf 88' lang='lat' dir='ltr'>oblique</span> <span class='ocrx_word' id='word_1_320' title='bbox 1069 2266 1290 2303; x_wconf 88' lang='lat' dir='ltr'>deficiente</span> <span class='ocrx_word' id='word_1_321' title='bbox 1325 2266 1366 2302; x_wconf 91' lang='lat' dir='ltr'>in</span> <span class='ocrx_word' id='word_1_322' title='bbox 1401 2266 1558 2302; x_wconf 89' lang='lat' dir='ltr'>tantum</span> <span class='ocrx_word' id='word_1_323' title='bbox 1584 2264 1792 2306; x_wconf 89' lang='lat' dir='ltr'>violentia,</span> 
     </span>
    </p>

    <p class='ocr_par' dir='ltr' id='par_1_17' title="bbox 61 2324 1791 2607">
     <span class='ocr_line' id='line_1_36' title="bbox 61 2324 1790 2371; baseline 0.001 -12"><span class='ocrx_word' id='word_1_324' title='bbox 61 2325 95 2352; x_wconf 84' lang='grc'>35</span> <span class='ocrx_word' id='word_1_325' title='bbox 114 2325 158 2359; x_wconf 92' lang='lat' dir='ltr'>ut</span> <span class='ocrx_word' id='word_1_326' title='bbox 182 2333 266 2360; x_wconf 94' lang='lat' dir='ltr'>non</span> <span class='ocrx_word' id='word_1_327' title='bbox 291 2324 424 2369; x_wconf 89' lang='lat' dir='ltr'>possit</span> <span class='ocrx_word' id='word_1_328' title='bbox 447 2324 625 2370; x_wconf 88' lang='lat' dir='ltr'>lapidem</span> <span class='ocrx_word' id='word_1_329' title='bbox 651 2325 806 2362; x_wconf 89' lang='lat' dir='ltr'>directe</span> <span class='ocrx_word' id='word_1_330' title='bbox 832 2325 1043 2371; x_wconf 81' lang='lat' dir='ltr'>impellere</span> <span class='ocrx_word' id='word_1_331' title='bbox 1071 2334 1243 2367; x_wconf 88' lang='lat' dir='ltr'>sursum,</span> <span class='ocrx_word' id='word_1_332' title='bbox 1281 2324 1451 2370; x_wconf 88' lang='lat' dir='ltr'>impellit</span> <span class='ocrx_word' id='word_1_333' title='bbox 1486 2334 1580 2361; x_wconf 89' lang='lat' dir='ltr'>eum</span> <span class='ocrx_word' id='word_1_334' title='bbox 1615 2324 1790 2369; x_wconf 86' lang='lat' dir='ltr'>oblique,</span> 
     </span>
     <span class='ocr_line' id='line_1_37' title="bbox 115 2382 1791 2430; baseline 0.001 -12"><span class='ocrx_word' id='word_1_335' title='bbox 115 2382 249 2419; x_wconf 90' lang='lat' dir='ltr'>donec</span> <span class='ocrx_word' id='word_1_336' title='bbox 273 2383 440 2429; x_wconf 87' lang='lat' dir='ltr'>incipiat</span> <span class='ocrx_word' id='word_1_337' title='bbox 465 2384 743 2428; x_wconf 88' lang='lat' dir='ltr'>descendere;</span> <span class='ocrx_word' id='word_1_338' title='bbox 783 2385 824 2421; x_wconf 90' lang='lat' dir='ltr'>et</span> <span class='ocrx_word' id='word_1_339' title='bbox 857 2385 961 2421; x_wconf 87' lang='lat' dir='ltr'>haec</span> <span class='ocrx_word' id='word_1_340' title='bbox 987 2384 1210 2430; x_wconf 90' lang='lat' dir='ltr'>obliquatio</span> <span class='ocrx_word' id='word_1_341' title='bbox 1237 2384 1380 2420; x_wconf 89' lang='lat' dir='ltr'>dividit</span> <span class='ocrx_word' id='word_1_342' title='bbox 1404 2393 1529 2420; x_wconf 90' lang='lat' dir='ltr'>unum</span> <span class='ocrx_word' id='word_1_343' title='bbox 1561 2384 1714 2420; x_wconf 91' lang='lat' dir='ltr'>motum</span> <span class='ocrx_word' id='word_1_344' title='bbox 1739 2384 1791 2419; x_wconf 88' lang='lat' dir='ltr'>ab</span> 
     </span>
     <span class='ocr_line' id='line_1_38' title="bbox 114 2441 1789 2488; baseline 0 -11"><span class='ocrx_word' id='word_1_345' title='bbox 114 2441 206 2478; x_wconf 88' lang='lat' dir='ltr'>alio.</span> <span class='ocrx_word' id='word_1_346' title='bbox 224 2463 270 2467; x_wconf 98' lang='lat'><strong>—</strong></span> <span class='ocrx_word' id='word_1_347' title='bbox 289 2441 365 2479; x_wconf 90' lang='lat' dir='ltr'>Vel</span> <span class='ocrx_word' id='word_1_348' title='bbox 385 2442 421 2479; x_wconf 91' lang='lat' dir='ltr'>si</span> <span class='ocrx_word' id='word_1_349' title='bbox 440 2443 607 2479; x_wconf 90' lang='lat' dir='ltr'>omnino</span> <span class='ocrx_word' id='word_1_350' title='bbox 628 2443 892 2480; x_wconf 89' lang='lat' dir='ltr'>contenderis</span> <span class='ocrx_word' id='word_1_351' title='bbox 912 2443 968 2480; x_wconf 89' lang='lat' dir='ltr'>ibi</span> <span class='ocrx_word' id='word_1_352' title='bbox 989 2453 1084 2480; x_wconf 89' lang='lat' dir='ltr'>esse</span> <span class='ocrx_word' id='word_1_353' title='bbox 1106 2443 1296 2488; x_wconf 83' lang='lat' dir='ltr'>quietem,</span> <span class='ocrx_word' id='word_1_354' title='bbox 1319 2442 1537 2479; x_wconf 91' lang='lat' dir='ltr'>dicendum</span> <span class='ocrx_word' id='word_1_355' title='bbox 1557 2443 1665 2488; x_wconf 91' lang='lat' dir='ltr'>quod</span> <span class='ocrx_word' id='word_1_356' title='bbox 1685 2442 1789 2487; x_wconf 87' lang='lat' dir='ltr'>lapis</span> 
     </span>
     <span class='ocr_line' id='line_1_39' title="bbox 114 2501 1790 2548; baseline 0.001 -12"><span class='ocrx_word' id='word_1_357' title='bbox 114 2501 322 2546; x_wconf 84' lang='lat' dir='ltr'>proiectus</span> <span class='ocrx_word' id='word_1_358' title='bbox 360 2501 469 2538; x_wconf 91' lang='lat' dir='ltr'>inter</span> <span class='ocrx_word' id='word_1_359' title='bbox 505 2502 609 2539; x_wconf 92' lang='lat' dir='ltr'>duos</span> <span class='ocrx_word' id='word_1_360' title='bbox 647 2503 781 2539; x_wconf 89' lang='lat' dir='ltr'>motus</span> <span class='ocrx_word' id='word_1_361' title='bbox 820 2503 1049 2539; x_wconf 88' lang='lat' dir='ltr'>contrarios</span> <span class='ocrx_word' id='word_1_362' title='bbox 1086 2502 1260 2548; x_wconf 86' lang='lat' dir='ltr'>quiescit</span> <span class='ocrx_word' id='word_1_363' title='bbox 1295 2511 1370 2547; x_wconf 90' lang='lat' dir='ltr'>per</span> <span class='ocrx_word' id='word_1_364' title='bbox 1396 2511 1454 2538; x_wconf 88' lang='lat' dir='ltr'>se.</span> <span class='ocrx_word' id='word_1_365' title='bbox 1505 2501 1604 2538; x_wconf 85' lang='lat' dir='ltr'>Dico</span> <span class='ocrx_word' id='word_1_366' title='bbox 1631 2511 1707 2546; x_wconf 91' lang='lat' dir='ltr'>per</span> <span class='ocrx_word' id='word_1_367' title='bbox 1732 2510 1790 2542; x_wconf 90' lang='lat' dir='ltr'>se,</span> 
     </span>
     <span class='ocr_line' id='line_1_40' title="bbox 116 2559 1789 2607; baseline 0 -11"><span class='ocrx_word' id='word_1_368' title='bbox 116 2559 211 2604; x_wconf 85' lang='lat' dir='ltr'>quia</span> <span class='ocrx_word' id='word_1_369' title='bbox 237 2560 272 2596; x_wconf 90' lang='lat' dir='ltr'>si</span> <span class='ocrx_word' id='word_1_370' title='bbox 291 2561 568 2598; x_wconf 88' lang='lat' dir='ltr'>descenderet</span> <span class='ocrx_word' id='word_1_371' title='bbox 586 2571 705 2598; x_wconf 90' lang='lat' dir='ltr'>mons</span> <span class='ocrx_word' id='word_1_372' title='bbox 725 2561 1120 2607; x_wconf 86' lang='lat' dir='ltr'>perpendiculariter</span> <span class='ocrx_word' id='word_1_373' title='bbox 1140 2571 1265 2607; x_wconf 88' lang='lat' dir='ltr'>super</span> <span class='ocrx_word' id='word_1_374' title='bbox 1283 2561 1461 2606; x_wconf 87' lang='lat' dir='ltr'>lapidem</span> <span class='ocrx_word' id='word_1_375' title='bbox 1481 2561 1789 2601; x_wconf 87' lang='lat' dir='ltr'>ascendentem,</span> 
     </span>
    </p>

    <p class='ocr_par' dir='ltr' id='par_1_18' title="bbox 62 2618 1792 2901">
     <span class='ocr_line' id='line_1_41' title="bbox 62 2618 1791 2666; baseline 0 -11"><span class='ocrx_word' id='word_1_376' title='bbox 62 2618 98 2643; x_wconf 80' lang='lat'>⁴0</span> <span class='ocrx_word' id='word_1_377' title='bbox 117 2619 242 2656; x_wconf 90' lang='lat' dir='ltr'>credo</span> <span class='ocrx_word' id='word_1_378' title='bbox 269 2620 378 2666; x_wconf 91' lang='lat' dir='ltr'>quod</span> <span class='ocrx_word' id='word_1_379' title='bbox 403 2620 584 2659; x_wconf 88' lang='lat' dir='ltr'>auferret</span> <span class='ocrx_word' id='word_1_380' title='bbox 610 2621 649 2657; x_wconf 90' lang='lat' dir='ltr'>ei</span> <span class='ocrx_word' id='word_1_381' title='bbox 675 2630 840 2657; x_wconf 91' lang='lat' dir='ltr'>omnem</span> <span class='ocrx_word' id='word_1_382' title='bbox 865 2621 1045 2666; x_wconf 89' lang='lat' dir='ltr'>quietem</span> <span class='ocrx_word' id='word_1_383' title='bbox 1071 2621 1258 2658; x_wconf 88' lang='lat' dir='ltr'>mediam.</span> <span class='ocrx_word' id='word_1_384' title='bbox 1307 2620 1356 2657; x_wconf 91' lang='lat' dir='ltr'>Et</span> <span class='ocrx_word' id='word_1_385' title='bbox 1386 2620 1491 2657; x_wconf 84' lang='lat' dir='ltr'>forte</span> <span class='ocrx_word' id='word_1_386' title='bbox 1519 2620 1682 2665; x_wconf 90' lang='lat' dir='ltr'>quando</span> <span class='ocrx_word' id='word_1_387' title='bbox 1709 2619 1791 2664; x_wconf 88' lang='lat' dir='ltr'>pila</span> 
     </span>
     <span class='ocr_line' id='line_1_42' title="bbox 117 2677 1792 2722; baseline 0.001 -9"><span class='ocrx_word' id='word_1_388' title='bbox 117 2677 325 2722; x_wconf 82' lang='lat' dir='ltr'>proficitur</span> <span class='ocrx_word' id='word_1_389' title='bbox 349 2679 494 2716; x_wconf 89' lang='lat' dir='ltr'>contra</span> <span class='ocrx_word' id='word_1_390' title='bbox 518 2680 669 2716; x_wconf 89' lang='lat' dir='ltr'>terram</span> <span class='ocrx_word' id='word_1_391' title='bbox 694 2680 761 2716; x_wconf 92' lang='lat' dir='ltr'>vel</span> <span class='ocrx_word' id='word_1_392' title='bbox 786 2689 945 2716; x_wconf 90' lang='lat' dir='ltr'>murum</span> <span class='ocrx_word' id='word_1_393' title='bbox 970 2681 1012 2716; x_wconf 90' lang='lat' dir='ltr'>et</span> <span class='ocrx_word' id='word_1_394' title='bbox 1030 2680 1161 2716; x_wconf 90' lang='lat' dir='ltr'>resilit</span> <span class='ocrx_word' id='word_1_395' title='bbox 1179 2690 1205 2716; x_wconf 89' lang='lat' dir='ltr'>a</span> <span class='ocrx_word' id='word_1_396' title='bbox 1225 2680 1442 2721; x_wconf 88' lang='lat' dir='ltr'>soliditate,</span> <span class='ocrx_word' id='word_1_397' title='bbox 1468 2689 1551 2716; x_wconf 87' lang='lat' dir='ltr'>non</span> <span class='ocrx_word' id='word_1_398' title='bbox 1574 2679 1636 2715; x_wconf 88' lang='lat' dir='ltr'>est</span> <span class='ocrx_word' id='word_1_399' title='bbox 1656 2678 1792 2714; x_wconf 87' lang='lat' dir='ltr'>media</span> 
     </span>
     <span class='ocr_line' id='line_1_43' title="bbox 117 2736 1789 2785; baseline -0.001 -12"><span class='ocrx_word' id='word_1_400' title='bbox 117 2736 283 2781; x_wconf 84' lang='lat' dir='ltr'>&lt;quies&gt;</span> <span class='ocrx_word' id='word_1_401' title='bbox 306 2737 413 2774; x_wconf 86' lang='lat' dir='ltr'>inter</span> <span class='ocrx_word' id='word_1_402' title='bbox 437 2739 571 2775; x_wconf 89' lang='lat' dir='ltr'>motus</span> <span class='ocrx_word' id='word_1_403' title='bbox 598 2739 837 2775; x_wconf 89' lang='lat' dir='ltr'>contrarios.</span> <span class='ocrx_word' id='word_1_404' title='bbox 887 2738 1114 2775; x_wconf 87' lang='lat' dir='ltr'>Dicendum</span> <span class='ocrx_word' id='word_1_405' title='bbox 1132 2738 1253 2785; x_wconf 88' lang='lat' dir='ltr'>igitur</span> <span class='ocrx_word' id='word_1_406' title='bbox 1273 2739 1383 2784; x_wconf 91' lang='lat' dir='ltr'>quod</span> <span class='ocrx_word' id='word_1_407' title='bbox 1402 2738 1598 2775; x_wconf 82' lang='lat' dir='ltr'>violentia</span> <span class='ocrx_word' id='word_1_408' title='bbox 1617 2747 1789 2773; x_wconf 76' lang='lat' dir='ltr'>movens</span> 
     </span>
     <span class='ocr_line' id='line_1_44' title="bbox 117 2794 1790 2843; baseline 0 -12"><span class='ocrx_word' id='word_1_409' title='bbox 117 2794 295 2840; x_wconf 77' lang='lat' dir='ltr'>lapidem</span> <span class='ocrx_word' id='word_1_410' title='bbox 321 2805 483 2833; x_wconf 87' lang='lat' dir='ltr'>sursum</span> <span class='ocrx_word' id='word_1_411' title='bbox 507 2796 550 2833; x_wconf 90' lang='lat' dir='ltr'>in</span> <span class='ocrx_word' id='word_1_412' title='bbox 575 2798 673 2834; x_wconf 72' lang='lat' dir='ltr'>aere</span> <span class='ocrx_word' id='word_1_413' title='bbox 698 2797 908 2840; x_wconf 87' lang='lat' dir='ltr'>retinetur,</span> <span class='ocrx_word' id='word_1_414' title='bbox 944 2797 1012 2842; x_wconf 85' lang='lat' dir='ltr'>qui</span> <span class='ocrx_word' id='word_1_415' title='bbox 1045 2797 1186 2834; x_wconf 88' lang='lat' dir='ltr'>allisus</span> <span class='ocrx_word' id='word_1_416' title='bbox 1222 2807 1247 2834; x_wconf 89' lang='lat' dir='ltr'>a</span> <span class='ocrx_word' id='word_1_417' title='bbox 1280 2797 1523 2843; x_wconf 89' lang='lat' dir='ltr'>proiiciente</span> <span class='ocrx_word' id='word_1_418' title='bbox 1559 2796 1708 2833; x_wconf 88' lang='lat' dir='ltr'>claudit</span> <span class='ocrx_word' id='word_1_419' title='bbox 1744 2805 1790 2831; x_wconf 88' lang='lat' dir='ltr'>se</span> 
     </span>
     <span class='ocr_line' id='line_1_45' title="bbox 118 2853 1789 2901; baseline 0 -12"><span class='ocrx_word' id='word_1_420' title='bbox 118 2853 299 2897; x_wconf 83' lang='lat' dir='ltr'>inferius,</span> <span class='ocrx_word' id='word_1_421' title='bbox 326 2855 368 2891; x_wconf 87' lang='lat' dir='ltr'>et</span> <span class='ocrx_word' id='word_1_422' title='bbox 393 2854 556 2891; x_wconf 88' lang='lat' dir='ltr'>clausus</span> <span class='ocrx_word' id='word_1_423' title='bbox 582 2855 708 2892; x_wconf 88' lang='lat' dir='ltr'>allidit</span> <span class='ocrx_word' id='word_1_424' title='bbox 734 2865 780 2892; x_wconf 90' lang='lat' dir='ltr'>se</span> <span class='ocrx_word' id='word_1_425' title='bbox 806 2855 990 2901; x_wconf 89' lang='lat' dir='ltr'>proiecto</span> <span class='ocrx_word' id='word_1_426' title='bbox 1018 2856 1233 2892; x_wconf 90' lang='lat' dir='ltr'>succesive</span> <span class='ocrx_word' id='word_1_427' title='bbox 1260 2866 1392 2901; x_wconf 89' lang='lat' dir='ltr'>usque</span> <span class='ocrx_word' id='word_1_428' title='bbox 1417 2855 1541 2891; x_wconf 87' lang='lat' dir='ltr'>finem</span> <span class='ocrx_word' id='word_1_429' title='bbox 1568 2855 1634 2891; x_wconf 88' lang='lat' dir='ltr'>vel</span> <span class='ocrx_word' id='word_1_430' title='bbox 1660 2863 1789 2899; x_wconf 91' lang='lat' dir='ltr'>prope</span> 
     </span>
    </p>
   </div>
   <div class='ocr_carea' id='block_1_5' title="bbox 259 2957 1030 3004">
    <p class='ocr_par' dir='ltr' id='par_1_19' title="bbox 259 2957 1030 3004">
     <span class='ocr_line' id='line_1_46' title="bbox 259 2957 1030 3004; baseline 0.001 -7"><span class='ocrx_word' id='word_1_431' title='bbox 259 2964 302 2997; x_wconf 84' lang='lat'>23</span> <span class='ocrx_word' id='word_1_432' title='bbox 326 2963 443 3004; x_wconf 82' lang='lat' dir='ltr'>Unde]</span> <span class='ocrx_word' id='word_1_433' title='bbox 467 2964 637 2998; x_wconf 83' lang='lat' dir='ltr'>Probatio</span> <span class='ocrx_word' id='word_1_434' title='bbox 733 2965 776 2997; x_wconf 83' lang='lat'>25</span> <span class='ocrx_word' id='word_1_435' title='bbox 801 2964 900 3004; x_wconf 87' lang='lat' dir='ltr'>moti]</span> <span class='ocrx_word' id='word_1_436' title='bbox 930 2957 966 3003; x_wconf 49' lang='grc' dir='ltr'>ψ</span> <span class='ocrx_word' id='word_1_437' title='bbox 997 2966 1030 2998; x_wconf 82' lang='lat' dir='ltr'>ei</span> 
     </span>
    </p>
   </div>
   <div class='ocr_carea' id='block_1_6' title="bbox 260 3067 1690 3112">
    <p class='ocr_par' dir='ltr' id='par_1_20' title="bbox 260 3067 1690 3112">
     <span class='ocr_line' id='line_1_47' title="bbox 260 3067 1690 3112; baseline -0.001 -10"><span class='ocrx_word' id='word_1_438' title='bbox 260 3067 273 3091; x_wconf 86' lang='lat'>¹</span> <span class='ocrx_word' id='word_1_439' title='bbox 299 3069 442 3102; x_wconf 88' lang='lat' dir='ltr'>Scilicet</span> <span class='ocrx_word' id='word_1_440' title='bbox 466 3079 500 3111; x_wconf 93' lang='lat' dir='ltr'>p.</span> <span class='ocrx_word' id='word_1_441' title='bbox 529 3070 594 3102; x_wconf 88' lang='lat'>135</span> <span class='ocrx_word' id='word_1_442' title='bbox 620 3070 651 3103; x_wconf 95' lang='lat' dir='ltr'><strong>A</strong></span> <span class='ocrx_word' id='word_1_443' title='bbox 678 3071 708 3103; x_wconf 86' lang='lat'>5.</span> <span class='ocrx_word' id='word_1_444' title='bbox 759 3070 990 3103; x_wconf 76' lang='lat' dir='ltr'>Sed-contra.</span> <span class='ocrx_word' id='word_1_445' title='bbox 1132 3069 1147 3092; x_wconf 80' lang='lat'><strong>2</strong></span> <span class='ocrx_word' id='word_1_446' title='bbox 1173 3071 1243 3103; x_wconf 88' lang='lat' dir='ltr'>Cfr.</span> <span class='ocrx_word' id='word_1_447' title='bbox 1270 3079 1383 3112; x_wconf 88' lang='lat' dir='ltr'>supra</span> <span class='ocrx_word' id='word_1_448' title='bbox 1407 3080 1442 3111; x_wconf 88' lang='lat' dir='ltr'>p.</span> <span class='ocrx_word' id='word_1_449' title='bbox 1469 3071 1534 3103; x_wconf 83' lang='lat'>136</span> <span class='ocrx_word' id='word_1_450' title='bbox 1560 3071 1632 3103; x_wconf 90' lang='lat' dir='ltr'>not.</span> <span class='ocrx_word' id='word_1_451' title='bbox 1660 3070 1690 3102; x_wconf 80' lang='lat'>2.</span> 
     </span>
    </p>
   </div>
   <div class='ocr_carea' id='block_1_7' title="bbox 189 3134 1696 3171">
    <p class='ocr_par' dir='ltr' id='par_1_21' title="bbox 189 3134 1696 3171">
     <span class='ocr_line' id='line_1_48' title="bbox 189 3134 1696 3171; baseline 0.003 -9"><span class='ocrx_word' id='word_1_452' title='bbox 189 3134 305 3162; x_wconf 86' lang='lat' dir='ltr'>Beitr.</span> <span class='ocrx_word' id='word_1_453' title='bbox 323 3135 394 3169; x_wconf 83' lang='lat' dir='ltr'>XIX,</span> <span class='ocrx_word' id='word_1_454' title='bbox 409 3136 462 3170; x_wconf 79' lang='lat' dir='ltr'><em>5s6.</em></span> <span class='ocrx_word' id='word_1_455' title='bbox 482 3136 700 3170; x_wconf 87' lang='lat' dir='ltr'>Hieronym.</span> <span class='ocrx_word' id='word_1_456' title='bbox 720 3136 959 3171; x_wconf 81' lang='lat' dir='ltr'>Spettmann,</span> <span class='ocrx_word' id='word_1_457' title='bbox 980 3137 1130 3164; x_wconf 78' lang='lat' dir='ltr'>Johannis</span> <span class='ocrx_word' id='word_1_458' title='bbox 1145 3137 1288 3164; x_wconf 87' lang='lat' dir='ltr'>Pechami</span> <span class='ocrx_word' id='word_1_459' title='bbox 1301 3137 1510 3168; x_wconf 69' lang='lat' dir='ltr'>Quaestiones</span> <span class='ocrx_word' id='word_1_460' title='bbox 1654 3136 1696 3167; x_wconf 87' lang='lat'>10</span> 
     </span>
    </p>
   </div>
  </div>
 </body>
</html>
