2095 3459
81 837 122 876 C.
142 840 265 876 ΧΧΙΙ.

83 1521 130 1556 D.
152 1519 274 1555 XXII.

93 2645 151 2676 rol.
173 2645 243 2676 37⁷⁶
254 2652 278 2675 α

289 196 354 235 174
784 196 958 233 johannis
983 195 1152 232 Pechami
1178 195 1428 236 Quaestiones.

287 298 465 344 pluribus
491 297 685 340 <deficit>.
734 297 781 332 Et
806 298 945 333 tamen
971 305 1046 341 per
1071 296 1221 340 aliquid
1248 295 1379 331 simile
1406 296 1543 340 potest
1569 295 1720 331 ducere
1749 294 1790 330 in
1816 294 1953 340 cogni-

288 357 438 393 tionem
465 356 655 398 auctoris,
683 356 786 392 sicut
812 355 996 391 cultellus
1023 355 1132 391 ducit
1157 354 1198 389 in
1224 353 1499 399 cognitionem
1524 353 1640 389 fabri.

425 417 457 452 8.
484 416 545 451 Ad
572 416 761 451 octavum
788 414 1002 451 dicendum
1037 414 1144 458 quod
1179 413 1290 449 Deus
1322 423 1405 449 non
1445 414 1508 449 est
1545 413 1709 458 proprie
1746 413 1953 458 loquendo

289 486 362 512 ens
389 475 622 512 universale
645 484 723 510 nec
743 474 998 519 particulare,
1026 473 1100 509 sed
1122 472 1422 517 quodammodo
1444 472 1637 508 convenit
1657 482 1748 508 cum
1768 473 1952 517 utroque.

288 535 386 571 Cum
406 534 638 575 universali,
665 534 760 578 quia
780 533 877 569 nihil
897 533 934 568 ei
955 533 1073 568 deest
1081 539 1088 575 ;
1116 541 1207 568 cum
1226 531 1471 576 particulari,
1498 531 1594 575 quia
1613 532 1676 567 est
1695 541 1777 567 una
1797 532 1953 572 natura,
1974 537 1989 562 5

287 595 343 630 ita
369 594 476 638 quod
503 602 585 629 non
612 593 701 628 alia.
750 592 861 628 Licet
880 592 1000 638 igitur
1020 601 1074 627 ex
1094 590 1337 636 particulari,
1365 590 1475 634 quod
1495 590 1558 626 est
1578 599 1677 626 vere
1698 590 1953 635 particulare,

288 663 369 688 non
396 652 527 698 possit
551 651 690 687 inferri
715 651 960 692 universale,
1000 650 1109 695 quod
1144 650 1207 685 est
1242 659 1340 685 vere
1374 649 1622 689 universale,
1661 649 1757 693 quia
1782 659 1865 685 non
1892 650 1955 685 est

287 712 393 747 inter
418 720 469 747 ea
494 711 615 756 plena
639 710 833 746 habitudo
861 718 1013 745 causae
1040 710 1081 745 et
1107 708 1273 750 causati,
1300 709 1438 744 tamen
1465 708 1582 744 aliter
1609 709 1673 744 est
1698 708 1803 744 inter
1825 708 1955 744 Deum

289 772 330 807 et
355 770 594 806 creaturam.

461 841 715 886 Responsio
742 840 825 882 <ad
852 839 1168 884 quaestionem
1195 839 1462 874 vicesimam
1490 838 1778 880 secundam>.

427 906 489 941 Ad
515 906 737 941 secundam
764 904 1046 949 quaestionem
1075 904 1291 940 dicendum
1324 903 1432 948 quod
1465 903 1602 939 divina
1639 902 1823 939 essentia
1856 912 1956 939 vere

289 966 330 1001 et
355 964 587 1000 immediate
613 964 772 999 videtur
792 963 833 999 in
854 963 985 1008 patria
1005 973 1030 999 a
1049 963 1180 999 beatis
1199 963 1273 1005 <I.>
1293 963 1382 998 Cor.
1405 963 1459 1004 13,
1474 963 1585 1004 <12>:
1614 962 1830 1005 „Videmus
1849 971 1957 998 nunc

288 1033 362 1068 per
397 1023 607 1068 speculum
642 1024 739 1058 etc.“
777 1023 817 1058 et
853 1022 880 1058 I.
907 1023 1000 1058 Joh.
1026 1023 1058 1064 3,
1074 1023 1160 1064 <2>1
1201 1021 1461 1065 „Videbimus
1499 1031 1592 1057 eum
1619 1021 1738 1058 sicuti
1764 1022 1860 1057 est.“
1910 1021 1958 1057 Et

289 1083 392 1123 ideo,
420 1082 524 1118 sicut
549 1082 645 1118 dicit
669 1081 838 1127 Hugo1,
866 1082 1075 1118 cavendus
1101 1082 1165 1117 est
1191 1089 1306 1116 error
1332 1080 1552 1116 dicentium
1571 1080 1700 1116 Deum
1724 1090 1807 1116 non
1827 1080 1957 1116 videri

289 1141 368 1177 nisi
394 1141 634 1185 quibusdam
661 1140 918 1185 theophaniis
945 1141 1015 1176 aut
1041 1140 1187 1176 divinis
1223 1139 1560 1184 apparitionibus.
1609 1139 1779 1181 Tollant,
1817 1139 1956 1184 inquit,
1979 1139 2010 1164 ¹5

290 1199 525 1244 phantasias
553 1209 660 1242 suas,
688 1199 833 1244 quibus
856 1199 993 1235 lumen
1014 1200 1198 1235 nostrum
1219 1199 1465 1235 obumbrare
1485 1198 1678 1240 nituntur,
1703 1198 1854 1243 ubique
1875 1207 1957 1234 non

290 1259 418 1295 Deum
445 1259 628 1295 nostrum
656 1258 882 1294 simulacris
908 1257 1239 1294 aestimationum
1265 1266 1429 1293 suarum
1449 1256 1757 1302 intersaepiant‚
1785 1256 1880 1301 quia
1900 1257 1959 1292 sic

290 1328 366 1354 nos
392 1318 490 1354 nihil
517 1317 668 1353 satiare
694 1318 831 1362 potest
856 1318 1021 1361 praeter
1046 1316 1189 1361 ipsum,
1216 1316 1271 1352 ita
1297 1325 1374 1352 nec
1398 1316 1545 1352 sistere
1566 1325 1697 1361 usque
1718 1316 1769 1351 ad
1791 1316 1956 1360 ipsum.“

290 1377 412 1413 Cuius
437 1376 540 1412 ratio
568 1377 641 1418 est,
669 1375 764 1420 quia
788 1375 878 1420 ipsa
903 1375 1042 1411 divina
1068 1375 1250 1411 essentia
1276 1384 1433 1411 summe
1456 1374 1720 1420 intelligibilis
1740 1384 1814 1420 per
1834 1384 1891 1416 se,
1919 1375 1960 1410 et

290 1436 381 1472 ideo
409 1437 460 1471 ab
487 1435 694 1471 intellectu
720 1436 825 1471 bene
853 1434 1052 1479 disposito
1080 1443 1235 1470 summe
1262 1433 1507 1479 intelligitur.
1978 1433 2012 1457 20

1979 827 2010 854 lO

433 1517 602 1554 Solutio
630 1517 916 1554 obiectorum
941 1517 1247 1562 <quaestionis
1272 1517 1522 1553 vicesimae
1550 1516 1821 1558 secundae).

433 1590 463 1624 1.
490 1588 552 1623 Ad
576 1587 747 1633 primum
773 1587 814 1623 in
841 1587 1089 1623 contrarium
1117 1587 1332 1623 dicendum
1360 1588 1468 1632 quod
1494 1587 1606 1623 Deus
1642 1588 1706 1623 est
1731 1588 1878 1623 natura
1904 1587 1960 1622 in-

291 1647 460 1683 visibilis
498 1647 721 1682 secundum
759 1646 867 1691 quod
913 1645 1158 1689 „inv1sibile“
1207 1645 1341 1690 privat
1378 1645 1655 1682 visibilitatem
1694 1646 1958 1691 corporalem.

290 1706 338 1741 Et
363 1706 470 1750 quod
497 1705 562 1741 hic
597 1705 648 1740 sit
681 1704 911 1741 intellectus
946 1704 1208 1746 Ambrosii,
1243 1705 1356 1749 patet
1393 1714 1446 1740 ex
1480 1705 1741 1750 Augustini
1767 1705 1869 1740 libro
1904 1705 1961 1740 De

300 1764 480 1800 Videndo
515 1764 634 1799 Deo2.
684 1763 760 1799 Vel
798 1764 877 1799 alio
917 1764 1059 1799 modo:
1101 1763 1315 1799 invisibilis
1354 1764 1418 1799 est
1456 1764 1838 1809 comprehensione,
1877 1773 1958 1799 non
1979 1763 2012 1787 25

293 1823 641 1868 apprehensione;
668 1822 754 1858 vel:
781 1822 995 1859 invisibilis
1015 1823 1079 1858 est
1098 1823 1244 1858 natura
1264 1822 1287 1858 i.
1309 1831 1343 1858 e.
1363 1832 1437 1867 pro
1459 1823 1547 1858 sola
1566 1823 1742 1859 naturali
1761 1823 1960 1858 creatura.

432 1883 463 1917 2.
489 1881 551 1917 Ad
577 1881 801 1917 secundum
828 1881 1043 1917 dicendum
1070 1882 1177 1926 quod
1198 1881 1428 1917 intellectus
1448 1882 1500 1918 ad
1520 1881 1596 1917 Dei
1615 1881 1816 1917 visionem
1838 1891 1961 1926 supra

294 1951 340 1977 se
367 1942 560 1982 elevatur,
599 1950 680 1976 non
708 1941 802 1985 quia
827 1940 988 1976 habitus
1014 1940 1102 1985 ipse
1130 1940 1313 1976 elevaret
1338 1941 1537 1982 naturam,
1575 1941 1649 1977 sed
1682 1940 1778 1986 quia
1803 1941 1959 1981 natura,

293 1999 557 2042 forti<fi>cata
582 2008 657 2044 per
681 1999 871 2041 habitum,
898 1999 1084 2035 ascendit
1103 2000 1193 2044 plus
1214 2009 1337 2044 quam
1356 2000 1500 2044 posset
1519 2009 1594 2044 per
1613 1999 1743 2035 solam
1763 2000 1960 2035 naturam.

295 2059 406 2094 Deus
433 2058 555 2094 etiam
580 2057 669 2102 ipse
695 2059 834 2093 movet
859 2058 1045 2094 naturam
1072 2058 1113 2094 in
1139 2058 1247 2094 dono
1287 2068 1361 2094 suo
1402 2059 1443 2094 et
1481 2057 1577 2094 facit
1612 2067 1705 2094 eam
1739 2058 1959 2103 potentem,
1980 2057 2014 2080 3⁰

296 2126 420 2161 supra
446 2126 492 2152 se
519 2116 683 2152 elevari.

433 2176 465 2211 3.
492 2175 553 2211 Ad
579 2175 740 2210 tertium
767 2175 994 2217 dicendum,
1024 2176 1065 2211 ut
1091 2176 1239 2211 tactum
1267 2177 1365 2212 est3.

434 2235 465 2269 4.
493 2233 555 2270 Ad
591 2234 777 2278 quartum
811 2234 1026 2270 dicendum
1073 2235 1179 2279 quod
1218 2234 1568 2279 comprehendere
1606 2234 1757 2279 aliquid
1797 2234 1860 2270 est
1897 2243 1962 2269 co-

296 2302 497 2337 gnoscere
523 2292 666 2337 ipsum,
702 2293 895 2337 quantum
923 2293 986 2328 est
1012 2293 1306 2338 cognoscibile;
1345 2293 1658 2338 apprehendere
1694 2302 1794 2329 vero
1829 2293 1961 2337 ipsum

297 2352 359 2387 est
385 2351 524 2387 videre
552 2351 775 2387 secundum
801 2351 1070 2396 capacitatem
1090 2352 1390 2397 cognoscentis.
1430 2351 1546 2392 Quod
1568 2353 1704 2388 autem
1725 2360 1807 2387 non
1827 2351 1962 2387 taliter
1981 2354 2013 2379 35

298 2410 426 2445 Deum
452 2410 676 2455 cognoscat
701 2419 777 2446 seu
802 2411 929 2445 totum
958 2419 1050 2446 eum
1076 2410 1223 2447 videat.
1251 2420 1304 2447 ex
1329 2410 1458 2447 tribus
1484 2410 1685 2456 provenit,
1712 2410 1882 2446 scilicet:
1909 2419 1963 2445 ex

298 2468 458 2504 defectu
486 2469 525 2504 et
550 2468 790 2504 limitatione
818 2469 1040 2510 creaturae,
1079 2469 1174 2505 item
1213 2478 1266 2504 ex
1304 2469 1507 2514 parvitate
1542 2469 1670 2515 ipsius
1705 2469 1817 2511 lucis,
1856 2478 1961 2513 quae

298 2527 494 2563 illuminat
518 2527 745 2563 voluntarie
772 2529 813 2563 et
838 2528 974 2572 potest
1000 2537 1106 2572 quae
1132 2528 1218 2564 vult
1256 2529 1477 2564 ostendere
1515 2528 1741 2564 intellectui
1777 2528 1818 2564 et
1855 2519 1961 2572 quae

297 2586 380 2621 vult
405 2586 671 2627 abscondere,
708 2586 827 2622 tertia
863 2586 966 2622 ratio
1004 2587 1075 2627 est,
1115 2586 1210 2631 quia
1236 2588 1425 2623 creatura
1451 2587 1581 2632 magis
1608 2587 1704 2623 nata
1729 2588 1793 2622 est
1818 2595 1961 2631 appre-

297 2645 480 2680 hendere
506 2644 636 2680 Deum
662 2645 736 2680 sub
764 2645 1003 2689 quibusdam
1029 2645 1255 2680 rationibus
1274 2647 1287 2687 ΙΙ
1306 2654 1427 2690 quam
1454 2646 1529 2681 sub
1556 2645 1656 2681 aliis.
1706 2645 1823 2681 Unde
1843 2645 2014 2680 [1²0on

298 2703 447 2745 Ι,<19>;
484 2702 622 2746 „Quod
649 2704 788 2739 notum
816 2704 878 2739 est
904 2703 989 2744 Dei,
1024 2703 1283 2739 manifestum
1311 2704 1375 2739 est
1399 2704 1510 2741 illis.“
1561 2704 1667 2750 Ergo
1693 2704 1804 2739 Deus
1831 2703 1962 2748 magis

439 2801 456 2832 4
483 2800 700 2839 universale]
726 2800 885 2832 ultimum
969 2801 988 2832 9
1015 2800 1230 2839 creaturam]
1255 2802 1455 2833 creatorem
1542 2802 1583 2833 15
1610 2800 1683 2840 aut]
1709 2810 1730 2833 a
1814 2800 1856 2834 36
1883 2799 1960 2838 seu]

300 2853 364 2885 sed
460 2854 499 2885 41
529 2853 596 2892 est]
628 2853 749 2893 Vul9.:
775 2862 820 2885 ex

439 2946 451 2968 1
477 2947 596 2988 super
620 2948 647 2979 J.
673 2947 801 2986 Anyez.
827 2938 925 2979 Hie'r.
953 2945 1023 2986 (PL
1050 2947 1125 2986 175,
1152 2947 1218 2979 954
1239 2946 1293 2986 s.].

437 2999 452 3020 2
479 3000 564 3032 Seu:
591 3000 704 3040 Epist.
735 3001 800 3032 147
825 2995 930 3042 (alias
959 2997 1038 3038 112)
1064 2998 1135 3038 (PL
1159 3000 1213 3040 33,
1241 3000 1306 3033 596
1327 2999 1459 3040 seqq.l.

439 3051 454 3073 3
480 3052 559 3084 Scil.
586 3053 642 3084 hic
667 3052 695 3084 D
724 3054 739 3084 1
769 3053 804 3084 et
830 3060 941 3092 supra
966 3052 996 3084 A
1022 3052 1041 3083 4
1068 3050 1116 3092 (p.
1145 3051 1235 3092 167).
