2095 3459
321 201 386 240 120
825 209 1000 242 <Iohannis
1026 210 1194 243 Pecharni
1219 210 1467 247 Quaestiones.

898 348 1205 409 Quaestio
1244 349 1395 402 XIV.

324 480 562 525 Quaeritur
600 481 652 521 de
690 492 926 531 corporum
964 482 1258 533 gloriosorum
1295 483 1550 531 subtilitate,
1596 484 1742 522 utrum
1781 493 1838 521 ex
1877 482 1977 521 dote

323 551 575 591 subtilitatis
613 563 748 592 unum
788 563 950 602 corpus
988 553 1229 603 gloriosum
1271 554 1410 603 possit
1448 564 1546 594 esse
1585 552 1714 593 simul
1752 563 1851 592 cum
1890 551 1978 592 alio

958 634 1047 663 non
1080 623 1273 674 glorioso
1290 619 1315 663 ¹.

855 718 907 754 Et
932 718 1184 755 ostenditur
1209 719 1330 763 quod
1358 728 1459 755 non.
1999 728 2015 753 5

463 801 491 835 1.
519 800 621 840 Quia
647 800 742 836 dicit
768 800 1097 837 Damascenus
1125 802 1156 837 4.
1183 811 1269 846 cap.
1297 801 1413 846 primi
1438 801 1570 838 libri2:
1611 801 1884 846 „Impossibile
1918 802 1982 838 est

324 869 470 903 corpus
497 868 570 903 per
596 868 741 903 corpus
768 859 972 900 incedere,
1000 859 1095 904 quin
1121 860 1271 896 incidat
1292 861 1332 896 et
1350 859 1581 897 incidatur.“
1625 859 1711 896 Hoc
1731 861 1867 896 autem
1888 860 1982 896 dicit

323 917 540 953 intendens
559 917 732 962 probare
754 917 881 953 Deum
900 928 982 954 non
1002 928 1097 954 esse
1119 928 1278 963 corpus,
1305 919 1356 955 de
1377 928 1456 964 quo
1479 918 1621 955 dicitur
1640 919 1778 955 Isaiae
1797 919 1981 955 ultimoss:

326 976 512 1018 „Caelum
539 976 579 1012 et
604 976 753 1012 terram
780 986 856 1022 ego
883 976 1065 1022 impleo.“
1117 976 1198 1013 Sed
1233 978 1386 1014 certum
1422 978 1494 1019 est,
1534 978 1640 1023 quod
1668 977 1799 1014 nullus
1827 978 1983 1014 diceret

325 1034 452 1070 Deum
480 1044 574 1071 esse
601 1044 760 1079 corpus,
799 1035 876 1071 nisi
910 1037 1084 1081 poneret
1121 1045 1212 1072 eum
1248 1045 1343 1073 esse
1370 1045 1516 1081 corpus
1545 1036 1690 1073 subtile
1717 1036 1757 1072 in
1783 1036 1865 1073 fine
1892 1038 1983 1073 sub·
2004 1051 2036 1075 10

324 1093 488 1130 tilitatis.
536 1091 640 1140 Ergo
680 1094 831 1130 nullum
866 1104 1012 1140 corpus
1049 1095 1208 1131 ratione
1247 1095 1477 1131 subtilitatis
1516 1096 1653 1140 potest
1689 1095 1796 1132 aliud
1835 1105 1982 1141 corpus

326 1152 554 1197 penetrare.

463 1211 494 1247 2.
520 1211 619 1248 Item
645 1211 800 1257 figurae
826 1212 1033 1257 replentes
1056 1213 1230 1257 spatium
1250 1212 1492 1258 (cuiusmodi
1513 1215 1606 1249 sunt
1625 1213 1666 1249 in
1686 1213 1838 1258 planis:
1864 1213 1985 1252 trian-

326 1270 454 1316 gulus,
475 1270 724 1315 quadratum,
747 1271 976 1316 exagonus)
990 1281 1063 1316 per
1083 1272 1161 1308 hoc
1174 1272 1314 1313 <sunt>
1327 1272 1534 1316 replentes
1556 1272 1663 1317 quod
1684 1281 1827 1308 omnes
1848 1272 1985 1318 anguli

325 1329 543 1374 figurarum
570 1339 615 1365 se
642 1330 893 1375 tangentium
919 1330 1056 1366 valent
1078 1332 1266 1375 quattuor
1292 1332 1438 1366 rectos.
1476 1330 1580 1377 Ergo
1607 1331 1775 1376 implent
1812 1330 1985 1375 spatium
2006 1344 2038 1369 15

328 1388 550 1424 secundum
586 1388 786 1425 rationem
823 1389 1057 1434 quantitatis
1096 1389 1418 1426 mathematicae.
1474 1389 1554 1426 Sed
1592 1389 1796 1434 quantitas
1834 1390 1985 1426 mathe-

328 1447 473 1483 matica
507 1447 731 1484 communis
768 1448 831 1484 est
867 1448 1055 1494 gloriosis
1095 1450 1135 1485 et
1172 1458 1253 1484 non
1291 1448 1491 1493 gloriosis.
1546 1448 1650 1495 Ergo
1688 1448 1892 1495 gloriosus
1931 1448 1986 1485 ita

328 1508 499 1551 occupat
524 1506 656 1543 locum
683 1506 787 1543 sicut
812 1517 894 1543 non
919 1506 1133 1553 gloriosus.

466 1567 497 1601 3.
523 1565 810 1611 Respondetur
835 1566 941 1611 quod
968 1566 1101 1602 locum
1127 1567 1257 1611 replet
1283 1576 1430 1612 corpus
1456 1567 1690 1612 gloriosum,
1729 1577 1811 1603 non
1848 1568 1985 1604 tamen

329 1626 494 1670 propter
519 1624 802 1661 hoc‘excludit
826 1634 851 1661 a
877 1635 921 1661 se
950 1634 1097 1670 corpus
1124 1635 1206 1661 non
1238 1625 1470 1671 gloriosum,
1509 1626 1617 1671 quod
1655 1627 1718 1662 est
1755 1626 1870 1671 quasi
1905 1636 1986 1662 ma·
2005 1638 2040 1663 ευ

328 1683 469 1720 teriale
496 1685 686 1728 respectu
711 1683 888 1729 gloriosi.

468 1742 549 1779 Sed
575 1743 735 1779 contra:
762 1742 912 1779 Eadem
939 1743 1086 1779 virtute
1112 1741 1261 1788 aliquid
1287 1744 1417 1788 replet
1443 1743 1575 1780 locum
1602 1745 1642 1780 et
1668 1743 1846 1780 excludit
1865 1743 1987 1780 etiam

331 1810 450 1838 omne
476 1801 584 1838 aliud
609 1811 634 1838 a
658 1801 760 1838 loco.

468 1861 499 1896 4.
524 1860 620 1896 ltem
645 1860 813 1906 implere
840 1860 989 1906 aliquid
1016 1862 1056 1897 et
1082 1861 1300 1897 excludere
1326 1861 1434 1898 aliud
1469 1862 1520 1898 ab
1558 1861 1647 1906 ipso
1684 1862 1986 1898 convertuntur.

332 1919 426 1955 Ideo
450 1919 556 1955 enim
575 1919 705 1956 forma
724 1920 984 1956 elementaris
1006 1930 1088 1956 non
1108 1920 1246 1965 implet
1265 1920 1488 1965 appetitum
1508 1920 1714 1962 materiae,
1739 1920 1832 1965 quia
1852 1921 1988 1965 potest
2006 1937 2040 1962 25

331 1978 514 2023 recipere
540 1978 660 2015 aliam
683 1978 864 2015 formam.
913 1979 1009 2015 Ideo
1036 1979 1158 2015 etiam
1182 1979 1312 2015 forma
1338 1979 1440 2015 caeli
1466 1979 1603 2025 implet
1629 1980 1754 2015 totam
1778 1979 1986 2015 materiam

333 2047 457 2079 suam,
496 2037 590 2082 quia
624 2038 801 2074 excludit
836 2047 997 2074 omnem
1026 2038 1195 2074 formam
1221 2038 1351 2074 aliam.
1401 2037 1505 2084 Ergo
1533 2038 1567 2074 si
1593 2048 1740 2083 corpus
1766 2037 1987 2083 gloriosum

332 2105 431 2132 vere
457 2096 595 2141 implet
618 2097 762 2138 locum,
789 2097 967 2133 excludit
992 2106 1112 2133 omne
1138 2097 1245 2133 aliud
1271 2107 1296 2133 a
1320 2097 1423 2133 loco.

470 2156 502 2191 5.
528 2155 627 2191 Item
651 2155 764 2192 iuxta
788 2156 866 2192 hoc
891 2156 1090 2202 arguitur:
1129 2155 1231 2196 Quia
1265 2156 1324 2192 sic
1359 2157 1420 2192 est
1445 2157 1583 2192 mutua
1608 2156 1885 2200 dependentia
1909 2155 1987 2192 loci

333 2214 385 2249 ad
409 2214 595 2255 locatum,
634 2214 737 2251 sicut
761 2214 915 2251 formae
942 2215 993 2251 ad
1019 2214 1240 2251 materiam.
1290 2213 1407 2251 Unde
1442 2214 1756 2259 unumquodque
1795 2214 1987 2258 quantum
2006 2230 2041 2255 30

334 2272 456 2308 habet
481 2273 532 2308 de
566 2273 706 2315 forma,
744 2274 898 2309 tantum
936 2274 1059 2310 habet
1096 2273 1146 2309 de
1181 2273 1283 2309 loco.
1334 2273 1414 2310 Sed
1452 2283 1532 2309 una
1567 2273 1697 2309 forma
1733 2283 1815 2309 non
1852 2273 1989 2318 potest

333 2331 509 2367 formare
536 2332 636 2368 duas
663 2331 865 2368 materias.
914 2331 1015 2378 Ergo
1042 2341 1120 2368 nec
1145 2341 1248 2367 unus
1274 2332 1387 2367 locus
1414 2331 1606 2368 claudere
1633 2332 1712 2368 duo
1738 2332 1881 2368 locata.

475 2453 515 2486 14
541 2453 736 2494 replentes]
762 2454 937 2494 repletum
1032 2453 1075 2486 30
1102 2452 1204 2492 sicut]
1230 2462 1297 2485 ms.
1320 2455 1511 2494 permutat
1535 2453 1586 2486 sic
1611 2455 1645 2486 et
1669 2453 1761 2486 sicut

474 2576 486 2599 1
512 2577 581 2610 Cir.
617 2578 784 2615 Bonam,
827 2576 891 2617 Op.
924 2585 1022 2608 omn.
1057 2576 1112 2615 IV,
1141 2576 1228 2608 1027
1255 2582 1320 2613 ss.;
1360 2575 1533 2609 Scholion
1570 2576 1705 2609 ibidem
1744 2576 1847 2615 102&
1889 2577 1986 2610 Rob.

337 2631 643 2669 Grosseteste,
671 2628 826 2662 Summa
847 2629 1124 2670 philosophiae,
1151 2638 1184 2670 p.
1212 2629 1276 2661 418
1300 2635 1366 2667 ss.;
1392 2629 1542 2668 Thom.‚
1569 2629 1664 2662 Sem.
1685 2628 1741 2668 IV,
1767 2630 1797 2662 d.
1820 2630 1873 2668 44,
1901 2639 1933 2670 q.
1956 2631 1985 2669 2,

338 2693 368 2716 a.
399 2685 434 2722 23
472 2683 601 2724 Suppl.
629 2693 661 2724 q.
688 2684 742 2722 83,
768 2692 800 2715 a.
828 2683 932 2720 1-5;
973 2682 1103 2722 Quodl.
1140 2683 1163 2721 I,
1192 2691 1224 2722 q.
1252 2682 1294 2715 10
1332 2691 1363 2714 a.
1391 2683 1542 2721 21—22;
1581 2682 1750 2721 scotus,
1785 2682 1899 2715 Ooeon.
1931 2683 1986 2722 IV,

338 2737 369 2769 d.
409 2737 462 2775 49,
502 2745 534 2776 q.
574 2736 633 2775 16;
669 2737 817 2777 Repert.
854 2735 1010 2773 ibidem,·
1051 2735 1315 2776 Capreolus,
1354 2734 1424 2773 VII,
1464 2735 1504 2767 73
1543 2741 1609 2774 ss.;
1655 2735 1986 2774 Montefortino,

338 2789 393 2827 VI,
420 2789 486 2822 826
511 2798 559 2821 ss.

475 2841 489 2863 2
514 2842 574 2874 PG'
599 2842 652 2880 94,
679 2842 755 2873 798.
807 2841 952 2881 „Neque
979 2841 1072 2873 enim
1094 2841 1173 2873 fieri
1193 2841 1309 2881 possit
1329 2841 1366 2872 ut
1384 2849 1516 2880 corpus
1536 2849 1689 2881 corpora
1707 2842 1877 2881 permeet,
1905 2841 1987 2881 quin

339 2895 443 2927 simul
468 2895 504 2927 et
529 2895 661 2927 dividat
686 2895 721 2926 et
747 2894 932 2932 dividatur,
970 2893 1274 2933 compliceturque
1312 2894 1347 2925 et
1383 2894 1586 2933 opponatur
1620 2902 1685 2933 per
1718 2893 1819 2925 iuxta
1843 2894 1987 2934 opposi-

340 2948 482 2981 tionem.
509 2948 546 2979 ut
571 2947 780 2987 loquuntur;
813 2946 1108 2986 quemadmodum
1140 2946 1275 2986 liquida
1299 2945 1418 2978 omnia
1443 2954 1522 2978 cum
1547 2946 1639 2978 inter
1663 2954 1703 2978 se
1729 2946 1921 2979 miscentur
1946 2955 1988 2979 ac

340 2999 616 3040 temperantur.“
667 2999 737 3031 Cir.
764 2999 886 3040 Greg.
912 2999 1020 3038 Naz.,
1049 2998 1151 3031 Orat.
1178 2998 1231 3038 32,
1257 2998 1312 3031 34.

477 3052 492 3074 3
516 3053 655 3084 Potius:
681 3053 812 3084 Jerem.
841 3052 893 3091 23,
921 3052 973 3084 24.
