2095 3459
827 185 999 222 Quaestio
1028 185 1081 217 XI.
1724 179 1788 215 103

111 280 325 326 suspendit
361 281 603 326 appetitum,
645 282 808 327 quando
848 291 931 318 non
973 282 1165 323 habetur,
1217 290 1298 317 non
1337 282 1473 316 autem
1518 279 1681 325 quando
1726 281 1789 315 est

111 340 334 381 obtentum,
373 340 468 386 quia
503 350 585 377 non
621 341 826 387 appetitur
860 346 1028 386 propter
1055 350 1112 381 se,
1152 340 1226 377 sed
1252 341 1420 385 propter
1445 339 1628 375 alterum.
1679 332 1790 375 Sicut

110 399 224 444 patet
249 399 300 435 de
328 399 433 441 navi,
462 409 567 445 quae
594 401 799 446 appetitur
826 401 1121 446 quando<que>
1147 400 1315 445 propter
1341 398 1574 441 transitum;
1614 398 1722 434 unde
1751 399 1790 434 et

112 458 281 495 obtento
308 459 482 495 transitu
509 461 648 496 cessat
675 460 762 496 eius
790 460 1007 505 appetitus.
1059 459 1187 496 Secus
1214 460 1352 495 tamen
1380 459 1444 494 est
1478 467 1551 503 pro
1588 458 1702 493 tanto
1739 457 1788 493 de

76 525 92 550 5
113 527 285 563 corpore
312 518 502 559 humano,
542 520 661 564 quod,
700 519 796 556 licet
821 519 1025 565 appetitur
1053 528 1135 555 non
1163 519 1267 555 sicut
1292 517 1385 554 finis
1414 517 1488 554 sed
1515 516 1620 553 sicut
1643 526 1711 553 res
1738 516 1790 552 ad

111 576 248 619 finem,
274 578 413 614 tamen
440 578 645 623 appetitur
672 579 777 615 sicut
802 578 897 615 finis
925 578 1025 615 eius.

252 637 283 673 2.
311 636 502 673 Similiter
528 638 579 673 ad
607 639 834 674 secundum
860 639 983 683 patet.
1035 637 1139 679 Quia
1164 647 1292 683 grave
1320 636 1522 673 difficilius
1553 635 1740 672 avellitur
1766 645 1791 671 a

113 697 267 738 centro,
293 696 388 741 quia
415 698 600 733 centrum
628 698 692 733 est
717 697 811 733 finis
839 697 939 740 eius,
967 707 1089 743 quam
1108 698 1160 734 ab
1181 696 1317 742 aliquo
1338 695 1430 732 loco
1450 704 1574 740 super
1595 695 1789 731 centrum.

112 754 230 792 Unde
255 756 370 801 patet
393 756 625 801 responsio.

60 828 94 854 ιο
251 816 284 852 3.
319 815 381 851 Ad
416 815 579 852 tertium
615 816 820 852 obiectum
856 816 907 853 de
934 816 1082 853 virtute
1119 816 1233 852 unita
1267 815 1485 851 dicendum
1520 814 1629 859 quod
1656 812 1792 849 anima

112 884 196 911 non
223 875 288 911 est
312 876 410 912 nata
447 875 620 912 tendere
658 875 699 912 in
726 875 858 912 Deum
896 876 1123 912 secundum
1160 876 1287 911 totam
1326 884 1442 910 suam
1477 873 1678 914 virmtem‚
1718 872 1793 909 sed

114 934 340 971 secundum
366 934 518 980 aliquid
558 934 658 971 eius.
708 934 756 971 Et
792 935 861 972 illa
899 936 963 972 est
1000 935 1130 981 magis
1169 934 1292 975 unita,
1332 933 1495 979 quando
1535 931 1792 977 coniungitur

114 993 277 1039 corpori
301 993 442 1030 ultima
466 993 723 1040 perfectione
749 993 947 1040 perfecto,
987 995 1096 1040 quod
1128 994 1238 1030 nullo
1272 994 1394 1030 modo
1421 992 1590 1038 impedit
1615 990 1792 1028 animam

112 1053 292 1099 <magis>
316 1063 438 1099 quam
474 1053 564 1090 sine
600 1053 703 1099 ipso,
743 1054 838 1100 quia
864 1054 1069 1100 appetitus
1096 1063 1180 1090 non
1207 1053 1411 1098 quietatur
1436 1051 1515 1088 nisi
1540 1051 1581 1087 in
1608 1060 1792 1095 corpore.

62 1125 94 1151 15
114 1112 251 1149 Virtus
278 1113 416 1150 autem
444 1112 533 1150 eius
560 1114 786 1150 secundum
823 1113 1059 1150 inferiorem
1099 1113 1163 1149 sui
1198 1113 1358 1158 partem
1395 1110 1683 1155 multiplicatur
1720 1118 1793 1154 per

115 1181 270 1219 organa
296 1173 523 1209 secundum
549 1173 779 1210 naturalem
804 1173 1083 1219 aptitudinem.
1121 1172 1240 1209 Unde
1267 1172 1381 1217 patet
1404 1169 1635 1215 responsio.
1681 1168 1794 1205 Simi-

114 1232 206 1269 liter
232 1231 355 1268 etiam
381 1232 513 1278 gloria
537 1232 668 1279 igitur,
696 1242 803 1278 quae
828 1233 1033 1269 redundat
1056 1233 1108 1269 ab
1135 1232 1272 1268 anima
1297 1231 1338 1267 in
1365 1239 1526 1275 corpus,
1554 1238 1636 1265 non
1664 1228 1727 1264 est
1752 1227 1792 1264 in

115 1291 253 1328 anima
270 1292 440 1337 propter
458 1291 648 1334 animam,
670 1292 745 1329 sed
763 1293 933 1338 propter
953 1301 1113 1337 corpus.
1157 1290 1205 1327 Et
1223 1290 1328 1326 forte
1349 1289 1391 1325 in
1412 1288 1548 1325 anima
1569 1288 1632 1324 est
1652 1296 1794 1324 causa-

114 1350 217 1393 liter,
242 1350 338 1388 ideo
364 1350 599 1388 formaliter.

62 1422 96 1448 20
255 1411 287 1446 4.
313 1409 376 1455 Ad
403 1411 591 1456 quartum
616 1410 882 1453 <dicendum>
909 1410 1018 1455 quod
1043 1419 1193 1446 revera
1219 1418 1367 1454 corpus
1396 1416 1561 1452 semper
1594 1407 1657 1443 est
1682 1406 1794 1452 igno-

115 1469 236 1506 bilius
263 1469 409 1506 anima.
459 1469 507 1506 Et
532 1470 769 1506 nobilitatur
793 1469 933 1506 ta'men
965 1469 1102 1505 anima
1141 1478 1195 1505 ex
1233 1466 1523 1505 coniunctione
1562 1475 1653 1502 cum
1691 1465 1793 1510 ipso,

117 1529 222 1566 sicut
245 1529 423 1566 nobilius
452 1530 515 1566 est
541 1530 650 1575 quod
678 1530 742 1566 est
767 1529 808 1565 in
834 1530 938 1571 actu,
966 1538 1088 1574 quam
1114 1528 1224 1573 quod
1249 1527 1291 1564 in
1316 1526 1503 1572 potentia
1529 1526 1603 1562 est.
1648 1524 1794 1560 Nobili-

116 1590 224 1626 tatur
248 1588 370 1635 igitur
394 1599 478 1625 non
504 1589 657 1634 aliquid
683 1598 737 1625 ex
763 1598 937 1634 corpore
962 1588 1214 1633 recipiendo,
1254 1587 1330 1623 sed
1362 1586 1400 1622 ei
1430 1584 1560 1631 magis
1592 1584 1632 1621 et
1663 1583 1793 1629 magis

116 1648 387 1694 impartiendo
416 1649 456 1685 et
481 1657 555 1694 per
582 1648 846 1685 occasionem
872 1647 1058 1693 corporis
1085 1646 1324 1692 recipiendo
1351 1655 1376 1682 a
1401 1645 1500 1681 Deo.

64 1718 98 1744 25
256 1708 289 1744 5.
324 1707 387 1744 Ad
420 1707 602 1753 quintum
635 1707 900 1750 <dicendum>
928 1706 1037 1752 quod
1062 1706 1199 1743 anima
1226 1715 1279 1742 ex
1305 1704 1454 1741 actuali
1481 1702 1744 1748 separatione
1771 1712 1796 1738 a

118 1776 291 1812 corpore
318 1776 401 1804 non
428 1766 603 1804 efficitur
627 1767 760 1803 minus
787 1766 1078 1808 immaterialis,
1106 1765 1201 1811 quia
1226 1774 1300 1810 per
1326 1763 1520 1800 accidens
1547 1762 1588 1799 et
1613 1771 1696 1798 non
1722 1770 1796 1806 per

119 1836 165 1863 se
187 1827 407 1872 ‘separatur
432 1836 457 1863 a
484 1835 668 1871 corpore.
720 1826 942 1871 Separatur
969 1825 1077 1862 enim
1104 1824 1330 1861 secundum
1357 1823 1502 1864 actum,
1540 1831 1624 1857 non
1651 1830 1795 1857 secun-

118 1886 213 1922 dum
239 1886 517 1931 aptitudinem.

258 1946 290 1982 6.
315 1944 379 1982 Ad
405 1946 568 1982 sextum
588 1945 854 1988 <dicendum>
875 1944 983 1990 quod
1010 1943 1195 1980 dolorem
1221 1943 1263 1980 in
1289 1950 1462 1987 corpore
1490 1940 1566 1976 tria
1593 1938 1794 1976 efficiunt:

66 2016 100 2041 30
119 2004 396 2051 apprehensio
429 2004 627 2042 laesionis
654 2004 850 2049 corporis,
888 2013 1005 2040 amor
1040 2002 1232 2039 contrarii
1268 2002 1309 2038 et
1344 2000 1515 2037 conatus
1554 1998 1716 2035 animae
1743 1997 1794 2033 ad

120 2064 367 2100 contrarium
392 2073 467 2109 per
491 2073 687 2100 numeros
714 2072 970 2104 occursores,
1010 2062 1114 2098 sicut
1140 2061 1236 2098 dicit
1262 2059 1586 2106 Augustinus,
1621 2057 1678 2093 VI.
1705 2056 1794 2093 Mu-

119 2122 230 2159 sicae
240 2124 263 2158 1.
313 2122 431 2159 Unde
459 2123 571 2159 solus
599 2124 771 2160 conatus
799 2123 943 2159 contra
967 2121 1196 2159 laesionem
1220 2120 1319 2156 facit
1344 2119 1540 2160 dolorem,
1580 2116 1674 2162 quia
1698 2115 1796 2152 facit

119 2181 503 2219 immoderationem
540 2182 582 2218 in
619 2183 732 2219 motu
770 2182 943 2223 animae,
991 2190 1071 2226 quo
1108 2180 1247 2216 movet
1281 2185 1451 2223 corpus;
1491 2177 1595 2213 sicut
1628 2176 1795 2221 propter

121 2250 288 2278 causam
313 2241 569 2278 consimilem
595 2241 691 2278 dicit
716 2241 1068 2286 Philosophus,
1108 2239 1217 2285 quod
1252 2239 1387 2274 motor
1423 2236 1527 2273 caeli
1553 2235 1721 2276 doleret,
1761 2234 1795 2270 si

67 2311 101 2336 35
120 2299 342 2337 adderetur
367 2311 449 2337 una
475 2301 594 2338 stella
620 2301 743 2337 orbi2.
788 2300 892 2341 Quia
910 2299 1031 2346 igitur
1051 2298 1092 2335 in
1112 2298 1249 2335 anima
1267 2297 1401 2337 beata,
1429 2295 1613 2341 quamvis
1635 2294 1687 2330 sit
1706 2303 1795 2338 per-

122 2359 256 2405 ceptio
278 2360 511 2397 detrimenti
529 2359 793 2397 beatitudinis
815 2360 856 2397 et
875 2358 1080 2404 appetitus
1102 2356 1298 2393 naturalis
1320 2354 1522 2395 contrarii,
1544 2353 1639 2398 quia
1657 2353 1794 2388 tamen

122 2427 205 2455 non
231 2420 297 2455 est
321 2420 492 2456 conatus
519 2419 571 2455 ad
597 2419 855 2459 contrarium,
881 2418 975 2454 ideo
1003 2427 1086 2453 non
1114 2415 1296 2461 sequitur
1322 2414 1430 2459 quod
1457 2412 1604 2449 doleat.

261 2479 293 2514 7.
319 2478 382 2515 Ad
409 2478 626 2523 septimum
652 2477 917 2520 <dicendum>
938 2476 1047 2521 quod
1073 2484 1203 2521 agens
1229 2473 1414 2510 naturale
1441 2471 1660 2516 aliquando
1686 2470 1794 2506 forti-

121 2537 267 2574 ficatur
292 2547 367 2582 per
392 2537 596 2573 defectum
624 2536 881 2573 contrarium.
933 2535 977 2570 V.
1003 2545 1039 2580 g.
1066 2533 1172 2580 ignis
1199 2532 1472 2568 inflammatur
1497 2528 1793 2570 vehementius,

69 2612 104 2637 40
124 2596 159 2633 si
183 2597 426 2643 aspergatur
452 2605 569 2641 aqua,
597 2596 671 2632 sed
698 2605 781 2631 non
808 2595 842 2630 si
866 2593 1157 2631 abstrahantur
1181 2592 1302 2638 ligna.
1351 2590 1470 2626 Unde
1497 2588 1680 2625 defectus
1717 2587 1794 2623 iste

124 2666 208 2692 non
235 2655 330 2692 dicit
355 2655 507 2701 aliquid
534 2654 781 2692 contrarium
805 2652 1059 2693 beatitudini,
1091 2651 1165 2688 sed
1191 2651 1348 2687 tantum
1373 2648 1645 2694 privationem
1671 2655 1795 2692 quan-

125 2715 218 2752 dam
245 2715 286 2751 et
311 2714 534 2751 carentiam
559 2714 620 2750 rei
646 2712 922 2750 necessariae.

264 2775 296 2810 8.
323 2773 385 2810 Ad
411 2774 601 2810 octavum
627 2772 891 2815 <dicendum>
917 2769 1026 2815 quod
1058 2778 1206 2815 corpus
1239 2767 1407 2812 impedit
1442 2765 1613 2802 subiecti
1646 2763 1795 2807 <beati-

126 2833 342 2875 tudinem>‚
368 2832 464 2878 quia
482 2832 619 2869 anima
638 2833 703 2869 est
722 2830 948 2868 subiectum
967 2827 1242 2868 beatitudinis,
1262 2836 1345 2862 non
1365 2826 1521 2862 tantum
1539 2824 1580 2860 in
1602 2824 1794 2868 quantum

266 2951 310 2983 33
335 2947 680 2987 immoderationem]
705 2946 1009 2980 immediationem
1106 2944 1147 2976 39
1175 2940 1404 2979 contrarium]
1430 2939 1676 2972 necessarium

267 3056 280 3079 1
305 3056 362 3097 VI,
390 3058 409 3089 5
435 3055 506 3096 (PL
532 3055 586 3095 32,
615 3054 702 3087 1167
729 3052 833 3094 seq.].
974 3050 989 3072 2
1014 3050 1145 3083 Locum
1170 3057 1241 3081 non
1265 3047 1397 3080 inveni.
