2095 3459
809 220 983 256 Quaestio
1010 219 1065 251 lV.
1735 215 1781 250 55

220 323 233 361 Ι]
251 319 434 364 Amplius
469 329 551 355 non
585 317 769 362 sequitur
806 318 1090 361 argumentum
1132 338 1176 341 ἢ
1218 316 1338 352 etiam
1376 316 1510 361 posito
1550 315 1658 360 quod
1698 315 2060 352 uni-Brol.169va

101 378 263 415 versale
291 379 405 414 esset
430 387 530 414 vere
557 377 597 413 in
633 377 843 413 intellectu
869 397 914 401 —*
941 377 1048 420 quod
1085 377 1253 421 propter
1287 376 1365 412 hoc
1401 377 1513 411 esset
1547 375 1779 411 intellectus

99 437 358 479 universaiis‚
397 448 488 474 cum
514 438 603 482 ipse
630 437 757 482 ponat
784 436 1007 476 materiam,
1044 446 1164 481 quam
1192 436 1307 481 ponit
1332 444 1503 471 numero
1531 444 1653 470 unam
1680 434 1780 470 reci—

100 507 202 543 pere
227 497 357 543 primo
383 497 537 533 formas
564 496 833 533 universales.

47 559 62 583 ⁵
240 557 340 594 Item
368 557 595 593 secundum
621 556 996 601 Philosophuml
1025 555 1260 592 universale
1301 556 1365 591 est
1402 564 1523 590 unum
1564 554 1604 589 in
1645 553 1778 589 multis

99 620 141 654 et
167 617 218 653 de
245 616 398 659 multis;
438 618 524 653 tota
556 616 664 652 enim
703 614 935 652 substantia
968 615 1133 660 generis
1171 616 1235 650 est
1260 615 1300 650 in
1328 614 1510 659 quolibet
1535 612 1778 658 particulari.

101 677 184 713 Nec
210 678 349 713 tamen
377 677 441 712 est
467 675 735 721 particularis,
762 675 857 720 quia
882 675 1138 719 respondent
1159 674 1236 710 sibi
1258 684 1333 710 sua
1353 672 1623 718 particularia.
1669 671 1781 707 Sicut

102 736 208 772 enim
234 736 339 772 haec
365 735 538 771 materia
564 736 605 771 et
629 735 734 771 haec
759 734 891 770 forma
916 733 1071 770 faciunt
1096 733 1202 769 hanc
1224 732 1506 773 substantiam,
1533 731 1589 767 ita
1608 730 1781 767 materia

101 795 141 831 in
168 796 243 832 hac
269 795 442 832 materia
469 796 509 831 et
534 794 666 831 forma
701 794 741 829 in
774 794 851 829 hac
888 793 1020 829 forma
1056 792 1211 829 iaciunt
1249 792 1531 833 substantiam,
1570 800 1676 836 quae
1717 791 1780 826 est

50 861 81 886 10
101 864 243 901 genus.
292 854 398 901 Ergo
426 854 461 891 si
486 853 722 890 universale
750 854 814 889 est
839 862 939 889 vere
966 853 1006 888 in
1033 852 1206 888 materia
1233 853 1360 893 extra,
1396 861 1479 888 non
1516 852 1578 887 est
1616 851 1712 886 tunc
1738 850 1779 886 in

100 915 237 951 anima
263 915 489 951 secundum
517 923 574 956 se,
601 914 676 950 sed
703 913 930 949 secundum
957 912 1273 948 similitudinem.
1308 911 1356 947 Et
1381 910 1477 947 licet
1502 911 1543 946 in
1569 910 1780 946 intellectu

100 984 174 1020 per
201 974 516 1015 similitudinem,
555 982 638 1009 non
665 974 804 1009 tamen
832 973 1075 1018 sequeretur
1102 972 1211 1017 quod
1239 972 1353 1007 esset
1389 970 1645 1016 particulare,
1685 970 1780 1015 quia

100 1036 165 1071 est
190 1034 230 1070 in
257 1034 467 1070 individuo
496 1034 623 1077 extr-a,
651 1042 728 1069 nec
755 1033 893 1068 tamen
921 1033 984 1068 est
1010 1031 1266 1077 particulare.

241 1093 423 1139 Amplius
451 1103 535 1129 non
563 1092 756 1138 sequitur,
796 1092 831 1128 si
865 1101 964 1128 vere
998 1091 1220 1136 recipiatur
1255 1090 1295 1126 in
1331 1090 1551 1132 intellectu,
1592 1090 1700 1135 quod
1729 1089 1780 1125 sit

47 1154 80 1184 15
99 1153 357 1199 particulare,
378 1153 474 1198 quia
493 1162 577 1188 non
596 1152 791 1197 recipitur
810 1151 866 1188 ibi
886 1151 1008 1187 modo
1029 1150 1263 1196 particulari
1284 1150 1306 1185 i.
1323 1160 1357 1186 e.
1379 1150 1454 1186 sub
1475 1149 1777 1185 conditionibus

97 1212 457 1253 individuantibus‚
485 1221 590 1257 quae
618 1213 713 1247 sunt
739 1211 804 1247 hic
831 1212 872 1247 et
891 1220 1009 1247 nunc.
1055 1210 1159 1251 Quia
1179 1210 1213 1246 81
1232 1209 1469 1246 universale
1490 1219 1573 1245 non
1595 1210 1659 1245 est
1678 1218 1777 1245 vere

97 1273 138 1309 in
164 1272 346 1314 materia,
374 1272 448 1308 sed
475 1271 520 1307 iit
545 1272 701 1307 tantum
727 1280 801 1316 per
826 1270 1115 1307 formationem
1140 1269 1384 1311 intellectus,
1411 1270 1507 1305 tunc
1527 1268 1693 1314 planum
1715 1270 1779 1305 est

97 1332 206 1378 quod
232 1332 328 1368 illud
349 1332 458 1377 quod
478 1330 672 1376 recipitur
700 1330 741 1366 in
771 1330 991 1371 intellectu,
1019 1330 1084 1366 est
1112 1328 1368 1374 particulare,
1396 1328 1581 1374 quamvis
1612 1337 1686 1373 per
1717 1337 1778 1364 re-

98 1393 283 1438 spectum
309 1392 361 1428 ad
388 1392 507 1428 extra
533 1390 584 1427 sit
609 1390 855 1426 universale.

44 1456 79 1481 20
237 1452 269 1488 8.
296 1450 358 1487 Ad
386 1452 575 1487 octavum
603 1449 820 1486 dicendum
852 1449 960 1495 quod
995 1449 1227 1486 intellectus
1254 1448 1520 1493 intelligendo
1539 1449 1551 1490 Ι]
1570 1446 1778 1492 perficitur
1796 1452 1827 1485 A
1849 1453 1910 1485 fol.
1939 1453 2039 1486 23rb

97 1520 171 1557 per
197 1510 380 1556 speciem
406 1510 703 1556 intelligibilem
729 1509 770 1545 in
799 1519 894 1546 esse
922 1509 1106 1545 secundo
1118 1511 1142 1544 2.
1192 1508 1235 1544 In
1271 1508 1361 1553 ipso
1398 1508 1533 1544 autem
1570 1516 1644 1543 suo
1681 1516 1777 1543 esse

98 1571 227 1616 primo
265 1570 474 1616 perficitur
512 1579 586 1615 per
624 1569 830 1615 propriam
867 1568 1040 1606 formam
1076 1569 1117 1605 et
1152 1567 1357 1613 propriam
1384 1566 1607 1603 materiam.
1658 1566 1776 1603 Unde

97 1631 320 1676 antequam
358 1629 558 1676 intelligat
592 1630 716 1666 habet
750 1628 1182 1665 indeterminationem
1219 1637 1313 1663 0880
1342 1626 1514 1663 secundi
1539 1636 1622 1662 non
1648 1626 1776 1672 primi.

237 1690 270 1726 9.
297 1689 359 1726 Ad
385 1699 540 1726 nonum
565 1690 679 1734 patet
705 1699 761 1725 ex
785 1688 902 1725 dictis
930 1688 981 1725 ad
1009 1688 1227 1733 septimum
1253 1687 1549 1732 argumentum.

45 1752 80 1778 25
240 1749 376 1786 10.11.
415 1749 477 1785 Ad
513 1748 715 1785 decimum
752 1749 792 1785 et
825 1747 1086 1784 undecimum
1120 1748 1234 1792 patet
1272 1756 1325 1782 ex
1361 1746 1490 1782 dictis.
1540 1745 1639 1782 Puto
1668 1745 1777 1782 enim

97 1809 206 1854 quod
226 1808 462 1845 universale
482 1818 567 1844 non
593 1809 658 1844 est
682 1817 782 1844 vere
807 1817 875 1843 res
898 1808 939 1843 et
958 1808 1105 1843 natura
1125 1805 1320 1842 differens
1342 1815 1366 1842 a
1386 1805 1620 1850 particulari
1639 1804 1775 1851 aliquo

97 1868 231 1910 modo,
260 1869 300 1904 et
325 1877 431 1913 quae
459 1868 553 1904 sunt
578 1867 619 1904 in
647 1867 786 1913 specie
814 1876 906 1909 una,
933 1866 1186 1903 conveniunt
1216 1865 1258 1901 in
1289 1875 1334 1901 re
1362 1867 1403 1901 et
1429 1866 1585 1906 natura,
1625 1875 1708 1901 non
1734 1865 1776 1901 in

97 1927 312 1964 accidente
339 1928 506 1964 tantum.
554 1926 602 1963 Et
637 1927 697 1963 810
731 1937 815 1963 non
852 1927 1055 1972 repugnat
1090 1925 1313 1962 universali
1347 1925 1388 1960 in
1424 1926 1570 1961 natura
1606 1934 1701 1961 esse
1734 1924 1775 1960 in

98 1987 308 2024 individuo
335 1987 508 2034 signato,
535 1987 602 2023 vel
628 1996 706 2023 nec
731 1987 935 2032 repugnat
961 1986 1213 2022 similitudini
1237 1984 1484 2021 universalis
1515 1994 1611 2020 esse
1645 1984 1686 2020 in
1718 1984 1776 2020 in-

45 2049 80 2075 30
98 2047 264 2083 tellectu
290 2047 463 2093 signato.

240 2108 293 2142 12.
320 2106 383 2143 Ad
419 2105 705 2143 duodecimum
740 2105 831 2142 dico
869 2105 978 2151 quod
1010 2105 1119 2141 bene
1156 2104 1372 2145 concludit,
1411 2103 1506 2149 quia
1540 2103 1774 2139 universale

98 2176 182 2203 non
210 2167 273 2202 est
298 2165 491 2202 accidens
519 2166 560 2201 et
583 2165 773 2201 formatio
800 2164 1043 2206 intellectus,
1080 2164 1153 2201 sed
1188 2173 1257 2200 res
1293 2163 1490 2200 differens
1517 2172 1541 2199 a
1568 2162 1774 2208 singulari,

99 2226 203 2262 sicut
229 2226 357 2262 totum
382 2235 408 2261 a
432 2226 560 2270 parte,
587 2224 682 2270 quia
706 2224 763 2260 ita
789 2225 853 2261 est
878 2224 919 2260 in
939 2233 1021 2260 uno
1043 2224 1152 2269 quod
1173 2223 1435 2259 nihilominus
1456 2223 1497 2259 in
1517 2222 1609 2258 alio.
1647 2221 1775 2257 Aliter

98 2284 249 2321 frustra
268 2284 539 2331 distingueret
557 2284 887 2329 Philosophus
914 2284 1023 2320 idem
1044 2292 1226 2324 numero,
1254 2282 1393 2328 specie
1415 2285 1456 2319 et
1482 2291 1636 2328 genere
1647 2284 1672 2323 3,
1700 2281 1774 2317 8οᾰ

46 2350 80 2376 35
100 2344 310 2381 sufficeret
334 2344 473 2380 dicere
499 2343 608 2380 idem
635 2343 820 2380 subiecto
848 2344 889 2380 et
913 2343 1140 2379 accidente.

241 2405 294 2440 13.
305 2403 484 2440 Tertium
498 2403 699 2440 decimum
714 2403 764 2439 de
780 2402 1012 2439 differentia
1026 2402 1244 2448 singularis
1260 2403 1300 2438 et
1317 2401 1561 2438 universalis
1577 2400 1773 2437 concedo.

240 2464 294 2499 14.
321 2462 383 2499 Ad
411 2463 613 2499 decimum
640 2463 827 2507 quartum
852 2462 943 2499 dico
979 2462 1089 2507 quod
1122 2461 1355 2498 intellectus
1394 2461 1499 2497 sicut
1535 2460 1667 2496 forma
1703 2459 1774 2495 im—

99 2522 320 2559 materialis
347 2523 483 2567 potest
508 2521 678 2568 intelligi
703 2522 931 2567 tripliciter:
959 2521 1039 2558 Aut
1058 2521 1153 2567 quia
1172 2531 1256 2557 non
1277 2520 1329 2556 sit
1347 2520 1553 2565 particeps
1574 2519 1771 2555 materiae

241 2598 259 2630 1
287 2598 537 2639 argumentum
587 2613 628 2617 —
668 2596 776 2629 etiam
813 2595 946 2637 posito]
982 2596 1013 2628 Β
1045 2596 1154 2628 etiam
1179 2596 1430 2637 argumentum
1455 2595 1575 2635 posito
1673 2595 1691 2627 7
1717 2603 1773 2627 re-

63 2689 65 2691 ,
100 2650 293 2691 spondent]
320 2650 352 2682 A
376 2650 509 2683 retinet
569 2648 678 2688 Sicut]
703 2650 735 2682 B
760 2649 813 2682 sic
893 2649 934 2682 10
961 2648 1062 2692 ergo]
1089 2648 1121 2680 Β
1145 2649 1255 2690 igitur
1326 2647 1427 2687 vere]
1452 2649 1484 2681 B
1510 2656 1580 2680 om.
1669 2648 1708 2680 11
1736 2649 1772 2679 in

99 2703 296 2743 intellectu]
321 2704 353 2736 Β
377 2703 598 2736 intellectum
671 2703 713 2735 12
740 2701 966 2743 sequeretur]
992 2703 1023 2735 B
1049 2703 1224 2742 sequetur
1290 2700 1400 2741 08801]
1426 2702 1457 2734 Β
1484 2702 1540 2734 est
1636 2702 1770 2734 12—13

102 2757 188 2798 quia
206 2758 263 2789 est
279 2757 316 2789 in
333 2756 517 2789 individuo
537 2757 652 2795 extra,
678 2764 746 2789 nec
765 2757 886 2788 tamen
912 2756 969 2788 est
993 2754 1224 2796 particulare]
1249 2755 1281 2787 Β
1307 2764 1378 2787 om.
1466 2755 1507 2787 15
1533 2755 1554 2787 i.
1576 2754 1620 2793 0.]
1645 2755 1677 2787 Β
1700 2764 1770 2787 om.

103 2810 144 2843 16
171 2809 275 2849 Quia]
308 2810 340 2843 Β
367 2809 463 2850 quod
561 2809 602 2842 18
629 2808 697 2848 est]
729 2810 761 2842 B
787 2818 858 2842 om.
955 2808 998 2840 20
1025 2807 1226 2847 dicendum]
1258 2808 1287 2841 A
1316 2817 1387 2840 om.
1484 2808 1526 2840 23
1553 2807 1715 2847 secundi]
1740 2809 1771 2841 Β

104 2862 141 2901 -1-
172 2863 208 2896 01
303 2863 346 2895 25
372 2862 478 2902 0111111]
504 2863 535 2896 Β
561 2871 633 2895 om.
730 2862 772 2895 26
800 2861 868 2902 est]
895 2861 927 2893 B
950 2871 1022 2894 non
1047 2862 1103 2894 est
1193 2862 1236 2894 29
1262 2860 1333 2900 νο1]
1359 2862 1389 2894 Β
1414 2861 1466 2893 ita
1537 2860 1770 2900 similitudini]

100 2916 132 2949 B
160 2915 198 2953 -Ι-
227 2916 391 2949 similiter
483 2916 524 2948 31
552 2914 645 2955 dico]
670 2916 701 2949 B
727 2915 918 2948 dicendum
992 2914 1087 2955 quia]
1112 2915 1144 2947 B
1171 2914 1266 2955 quod
1362 2914 1404 2946 35
1430 2913 1605 2953 subiecto]
1630 2914 1662 2946 Β
1687 2914 1769 2946 sub-

102 2969 236 3002 stantia
320 2969 362 3001 37
389 2969 566 3002 decimum
593 2967 771 3009 quartum]
799 2970 831 3000 A
849 2968 934 3001 XIII.
1007 2967 1100 3006 dico]
1126 2968 1156 3000 B
1183 2967 1371 3000 dicendum
1467 2966 1510 2999 38
1536 2967 1685 3008 intelligi
1711 2967 1770 2999 tri-

102 3021 255 3063 pliciter]
280 3023 312 3055 Β
336 3022 546 3063 intelligitur
618 3021 715 3063 quia]
740 3022 772 3055 B
799 3021 894 3063 quod

242 3092 255 3115 1
280 3093 333 3126 De
355 3074 530 3134 Interff
541 3092 613 3132 VII,
640 3093 699 3132 17;
725 3092 837 3125 Anat.
860 3093 958 3134 post.
984 3092 1007 3131 I,
1036 3092 1065 3125 4.

240 3145 256 3168 2
281 3146 352 3179 Cir.
377 3146 617 3185 Averroes,
643 3146 718 3178 Lib.
745 3146 862 3179 Destr.
890 3145 980 3186 disp.
1006 3145 1060 3184 III,
1086 3145 1151 3178 sol.
1181 3144 1233 3177 18.
1375 3143 1390 3165 3
1418 3144 1503 3185 Top.
1528 3144 1553 3183 I,
1575 3145 1593 3176 5
1614 3142 1674 3183 (7).
