<?xml version="1.0" encoding="UTF-8"?>
<!DOCTYPE html PUBLIC "-//W3C//DTD XHTML 1.0 Transitional//EN"
    "http://www.w3.org/TR/xhtml1/DTD/xhtml1-transitional.dtd">
<html xmlns="http://www.w3.org/1999/xhtml" xml:lang="en" lang="en">
 <head>
  <title>
</title>
<meta http-equiv="Content-Type" content="text/html;charset=utf-8" />
  <meta name='ocr-system' content='tesseract 3.04.00' />
  <meta name='ocr-capabilities' content='ocr_page ocr_carea ocr_par ocr_line ocrx_word'/>
</head>
<body>
  <div class='ocr_page' id='page_1' title='image "./johannispechamiq00peck/johannispechamiq00peck_0036.png"; bbox 0 0 2095 3459; ppageno 0'>
   <div class='ocr_carea' id='block_1_1' title="bbox 368 189 1515 232">
    <p class='ocr_par' dir='ltr' id='par_1_1' title="bbox 368 189 1515 232">
     <span class='ocr_line' id='line_1_1' title="bbox 368 189 1515 232; baseline -0.003 -1"><span class='ocrx_word' id='word_1_1' title='bbox 368 194 509 231; x_wconf 92' lang='lat' dir='ltr'>XXXII</span> <span class='ocrx_word' id='word_1_2' title='bbox 864 197 885 229; x_wconf 80' lang='lat' dir='ltr'>J</span> <span class='ocrx_word' id='word_1_3' title='bbox 888 197 1042 229; x_wconf 86' lang='lat' dir='ltr'>ohannis</span> <span class='ocrx_word' id='word_1_4' title='bbox 1066 189 1236 229; x_wconf 82' lang='lat' dir='ltr'>Pechami</span> <span class='ocrx_word' id='word_1_5' title='bbox 1262 192 1515 232; x_wconf 77' lang='lat' dir='ltr'>Quaestiones.</span> 
     </span>
    </p>
   </div>
   <div class='ocr_carea' id='block_1_2' title="bbox 369 297 2043 1878">
    <p class='ocr_par' dir='ltr' id='par_1_2' title="bbox 369 297 2043 1255">
     <span class='ocr_line' id='line_1_2' title="bbox 374 297 2040 348; baseline -0.003 -8"><span class='ocrx_word' id='word_1_6' title='bbox 374 311 502 340; x_wconf 90' lang='lat' dir='ltr'>verso</span> <span class='ocrx_word' id='word_1_7' title='bbox 545 299 767 339; x_wconf 88' lang='lat' dir='ltr'>adduntur</span> <span class='ocrx_word' id='word_1_8' title='bbox 809 298 923 338; x_wconf 90' lang='lat' dir='ltr'>duae</span> <span class='ocrx_word' id='word_1_9' title='bbox 965 298 1249 348; x_wconf 82' lang='lat' dir='ltr'>quaestiones</span> <span class='ocrx_word' id='word_1_10' title='bbox 1291 308 1428 347; x_wconf 85' lang='lat' dir='ltr'>supra</span> <span class='ocrx_word' id='word_1_11' title='bbox 1472 297 1663 337; x_wconf 89' lang='lat' dir='ltr'>omissae</span> <span class='ocrx_word' id='word_1_12' title='bbox 1708 298 1751 335; x_wconf 91' lang='lat' dir='ltr'>et</span> <span class='ocrx_word' id='word_1_13' title='bbox 1795 298 2040 346; x_wconf 89' lang='lat' dir='ltr'>sequuntur</span> 
     </span>
     <span class='ocr_line' id='line_1_3' title="bbox 369 372 2039 426; baseline -0.003 -10"><span class='ocrx_word' id='word_1_14' title='bbox 369 387 450 426; x_wconf 90' lang='lat' dir='ltr'>per</span> <span class='ocrx_word' id='word_1_15' title='bbox 481 378 572 415; x_wconf 91' lang='lat' dir='ltr'>tres</span> <span class='ocrx_word' id='word_1_16' title='bbox 603 375 791 426; x_wconf 84' lang='lat' dir='ltr'>paginas</span> <span class='ocrx_word' id='word_1_17' title='bbox 823 372 915 422; x_wconf 74' lang='lat' dir='ltr'>(iol.</span> <span class='ocrx_word' id='word_1_18' title='bbox 944 374 1025 414; x_wconf 85' lang='lat'>127</span> <span class='ocrx_word' id='word_1_19' title='bbox 1038 372 1250 421; x_wconf 68' lang='lat' dir='ltr'>V-—128¹⁷]</span> <span class='ocrx_word' id='word_1_20' title='bbox 1282 373 1395 413; x_wconf 86' lang='lat' dir='ltr'>tituli</span> <span class='ocrx_word' id='word_1_21' title='bbox 1428 384 1504 412; x_wconf 92' lang='lat' dir='ltr'>seu</span> <span class='ocrx_word' id='word_1_22' title='bbox 1540 373 1786 412; x_wconf 89' lang='lat' dir='ltr'>summulae</span> <span class='ocrx_word' id='word_1_23' title='bbox 1819 372 2039 422; x_wconf 88' lang='lat' dir='ltr'>quaestio-</span> 
     </span>
     <span class='ocr_line' id='line_1_4' title="bbox 370 448 2040 501; baseline -0.002 -10"><span class='ocrx_word' id='word_1_24' title='bbox 370 463 487 500; x_wconf 87' lang='lat' dir='ltr'>num,</span> <span class='ocrx_word' id='word_1_25' title='bbox 534 462 648 501; x_wconf 88' lang='lat' dir='ltr'>quae</span> <span class='ocrx_word' id='word_1_26' title='bbox 693 451 747 490; x_wconf 88' lang='grc'>48</span> <span class='ocrx_word' id='word_1_27' title='bbox 793 450 1145 490; x_wconf 86' lang='lat' dir='ltr'>distinctionibus</span> <span class='ocrx_word' id='word_1_28' title='bbox 1190 450 1290 489; x_wconf 90' lang='lat' dir='ltr'>libri</span> <span class='ocrx_word' id='word_1_29' title='bbox 1331 449 1625 498; x_wconf 88' lang='lat' dir='ltr'>continentur,</span> <span class='ocrx_word' id='word_1_30' title='bbox 1670 449 1714 488; x_wconf 91' lang='lat' dir='ltr'>in</span> <span class='ocrx_word' id='word_1_31' title='bbox 1755 449 1844 488; x_wconf 77' lang='lat' dir='ltr'>fine</span> <span class='ocrx_word' id='word_1_32' title='bbox 1886 448 2040 498; x_wconf 88' lang='lat' dir='ltr'>positis</span> 
     </span>
     <span class='ocr_line' id='line_1_5' title="bbox 371 523 2041 576; baseline -0.002 -9"><span class='ocrx_word' id='word_1_33' title='bbox 371 527 725 568; x_wconf 84' lang='lat' dir='ltr'>distinctionibus</span> <span class='ocrx_word' id='word_1_34' title='bbox 758 527 824 566; x_wconf 82' lang='lat'>25.</span> <span class='ocrx_word' id='word_1_35' title='bbox 853 526 921 566; x_wconf 83' lang='lat'>26.</span> <span class='ocrx_word' id='word_1_36' title='bbox 950 527 1017 566; x_wconf 82' lang='lat'>27.</span> <span class='ocrx_word' id='word_1_37' title='bbox 1061 537 1198 576; x_wconf 91' lang='lat' dir='ltr'>supra</span> <span class='ocrx_word' id='word_1_38' title='bbox 1238 523 1330 573; x_wconf 77' lang='lat' dir='ltr'>(fol.</span> <span class='ocrx_word' id='word_1_39' title='bbox 1366 523 1496 573; x_wconf 84' lang='lat' dir='ltr'>127v)</span> <span class='ocrx_word' id='word_1_40' title='bbox 1538 525 1705 575; x_wconf 88' lang='lat' dir='ltr'>pariter</span> <span class='ocrx_word' id='word_1_41' title='bbox 1747 524 1933 564; x_wconf 89' lang='lat' dir='ltr'>omissis.</span> <span class='ocrx_word' id='word_1_42' title='bbox 1995 525 2041 563; x_wconf 92' lang='lat' dir='ltr'>ln</span> 
     </span>
     <span class='ocr_line' id='line_1_6' title="bbox 370 600 2042 653; baseline -0.003 -9"><span class='ocrx_word' id='word_1_43' title='bbox 370 604 475 644; x_wconf 74' lang='lat' dir='ltr'>folio</span> <span class='ocrx_word' id='word_1_44' title='bbox 510 604 621 643; x_wconf 80' lang='lat' dir='ltr'>128v</span> <span class='ocrx_word' id='word_1_45' title='bbox 654 604 767 643; x_wconf 91' lang='lat' dir='ltr'>inter</span> <span class='ocrx_word' id='word_1_46' title='bbox 799 603 888 643; x_wconf 90' lang='lat' dir='ltr'>alia</span> <span class='ocrx_word' id='word_1_47' title='bbox 919 602 1127 653; x_wconf 86' lang='lat' dir='ltr'>legimus:</span> <span class='ocrx_word' id='word_1_48' title='bbox 1176 602 1291 652; x_wconf 81' lang='lat' dir='ltr'>„Iste</span> <span class='ocrx_word' id='word_1_49' title='bbox 1316 601 1503 652; x_wconf 77' lang='lat' dir='ltr'>primus</span> <span class='ocrx_word' id='word_1_50' title='bbox 1535 601 1700 640; x_wconf 74' lang='lat' dir='ltr'>fratris</span> <span class='ocrx_word' id='word_1_51' title='bbox 1730 601 1956 640; x_wconf 74' lang='lat' dir='ltr'>Iohannis</span> <span class='ocrx_word' id='word_1_52' title='bbox 1989 600 2042 639; x_wconf 81' lang='lat' dir='ltr'>de</span> 
     </span>
     <span class='ocr_line' id='line_1_7' title="bbox 370 674 2041 727; baseline -0.003 -7"><span class='ocrx_word' id='word_1_53' title='bbox 370 680 576 720; x_wconf 74' lang='lat' dir='ltr'>Piohano</span> <span class='ocrx_word' id='word_1_54' title='bbox 609 681 673 719; x_wconf 80' lang='lat' dir='ltr'>est</span> <span class='ocrx_word' id='word_1_55' title='bbox 705 680 768 719; x_wconf 80' lang='lat' dir='ltr'>ad</span> <span class='ocrx_word' id='word_1_56' title='bbox 799 690 937 719; x_wconf 83' lang='lat' dir='ltr'>usum</span> <span class='ocrx_word' id='word_1_57' title='bbox 970 679 1162 718; x_wconf 75' lang='lat' dir='ltr'>fratris.</span> <span class='ocrx_word' id='word_1_58' title='bbox 1187 710 1194 717; x_wconf 94' lang='lat'>.</span> <span class='ocrx_word' id='word_1_59' title='bbox 1219 675 1257 717; x_wconf 91' lang='lat'>.“</span> <span class='ocrx_word' id='word_1_60' title='bbox 1280 675 1458 726; x_wconf 87' lang='lat' dir='ltr'>[rasura</span> <span class='ocrx_word' id='word_1_61' title='bbox 1471 674 1521 726; x_wconf 84' lang='lat'>!];</span> <span class='ocrx_word' id='word_1_62' title='bbox 1556 679 1598 717; x_wconf 94' lang='lat' dir='ltr'>et</span> <span class='ocrx_word' id='word_1_63' title='bbox 1628 677 1765 716; x_wconf 77' lang='lat' dir='ltr'>infra:</span> <span class='ocrx_word' id='word_1_64' title='bbox 1800 677 1917 726; x_wconf 79' lang='lat' dir='ltr'>„Iste</span> <span class='ocrx_word' id='word_1_65' title='bbox 1942 676 2041 727; x_wconf 78' lang='lat' dir='ltr'>pri-</span> 
     </span>
     <span class='ocr_line' id='line_1_8' title="bbox 371 751 2041 803; baseline -0.002 -7"><span class='ocrx_word' id='word_1_66' title='bbox 371 767 474 796; x_wconf 80' lang='lat' dir='ltr'>mus</span> <span class='ocrx_word' id='word_1_67' title='bbox 507 756 671 796; x_wconf 72' lang='lat' dir='ltr'>fratris</span> <span class='ocrx_word' id='word_1_68' title='bbox 702 755 928 795; x_wconf 75' lang='lat' dir='ltr'>Iohannis</span> <span class='ocrx_word' id='word_1_69' title='bbox 960 755 1014 795; x_wconf 84' lang='lat' dir='ltr'>de</span> <span class='ocrx_word' id='word_1_70' title='bbox 1046 754 1251 794; x_wconf 79' lang='lat' dir='ltr'>Piohano</span> <span class='ocrx_word' id='word_1_71' title='bbox 1293 756 1358 794; x_wconf 75' lang='lat' dir='ltr'>est</span> <span class='ocrx_word' id='word_1_72' title='bbox 1398 755 1645 793; x_wconf 75' lang='lat' dir='ltr'>conventus</span> <span class='ocrx_word' id='word_1_73' title='bbox 1679 751 1868 802; x_wconf 61' lang='lat' dir='ltr'>Siffloe),</span> <span class='ocrx_word' id='word_1_74' title='bbox 1909 764 2041 803; x_wconf 78' lang='lat' dir='ltr'>quem</span> 
     </span>
     <span class='ocr_line' id='line_1_9' title="bbox 371 829 2042 880; baseline -0.003 -7"><span class='ocrx_word' id='word_1_75' title='bbox 371 833 434 873; x_wconf 84' lang='lat' dir='ltr'>ad</span> <span class='ocrx_word' id='word_1_76' title='bbox 461 865 469 873; x_wconf 91' lang='lat'><strong>.</strong></span> <span class='ocrx_word' id='word_1_77' title='bbox 493 866 500 873; x_wconf 92' lang='lat'><strong><em>.</em></strong></span> <span class='ocrx_word' id='word_1_78' title='bbox 525 864 533 872; x_wconf 90' lang='lat'><strong><em>.</em></strong></span> <span class='ocrx_word' id='word_1_79' title='bbox 561 833 615 872; x_wconf 82' lang='lat' dir='ltr'>de</span> <span class='ocrx_word' id='word_1_80' title='bbox 646 833 886 872; x_wconf 78' lang='lat' dir='ltr'>voluntate</span> <span class='ocrx_word' id='word_1_81' title='bbox 917 833 1177 879; x_wconf 80' lang='lat' dir='ltr'>conventus,</span> <span class='ocrx_word' id='word_1_82' title='bbox 1211 841 1314 870; x_wconf 82' lang='lat' dir='ltr'>cum</span> <span class='ocrx_word' id='word_1_83' title='bbox 1346 831 1456 870; x_wconf 77' lang='lat' dir='ltr'>esset</span> <span class='ocrx_word' id='word_1_84' title='bbox 1485 829 1784 879; x_wconf 68' lang='lat' dir='ltr'>Quardianus</span> <span class='ocrx_word' id='word_1_85' title='bbox 1812 829 2042 880; x_wconf 73' lang='lat' dir='ltr'>praedicti</span> 
     </span>
     <span class='ocr_line' id='line_1_10' title="bbox 371 905 2042 957; baseline -0.002 -8"><span class='ocrx_word' id='word_1_86' title='bbox 371 910 617 949; x_wconf 79' lang='lat' dir='ltr'>conventus</span> <span class='ocrx_word' id='word_1_87' title='bbox 639 941 646 948; x_wconf 94' lang='lat'>.</span> <span class='ocrx_word' id='word_1_88' title='bbox 671 941 678 948; x_wconf 93' lang='lat'>.</span> <span class='ocrx_word' id='word_1_89' title='bbox 702 941 710 948; x_wconf 92' lang='lat'>.</span> <span class='ocrx_word' id='word_1_90' title='bbox 733 909 908 948; x_wconf 78' lang='lat' dir='ltr'>donum</span> <span class='ocrx_word' id='word_1_91' title='bbox 942 908 1115 947; x_wconf 77' lang='lat' dir='ltr'>factum</span> <span class='ocrx_word' id='word_1_92' title='bbox 1143 918 1228 957; x_wconf 76' lang='lat' dir='ltr'>per</span> <span class='ocrx_word' id='word_1_93' title='bbox 1255 907 1448 946; x_wconf 73' lang='lat' dir='ltr'>fratrem</span> <span class='ocrx_word' id='word_1_94' title='bbox 1473 905 1758 946; x_wconf 79' lang='lat' dir='ltr'>Gonsalvum</span> <span class='ocrx_word' id='word_1_95' title='bbox 1782 906 2042 957; x_wconf 61' lang='lat' dir='ltr'>generalem</span> 
     </span>
     <span class='ocr_line' id='line_1_11' title="bbox 371 980 2042 1035; baseline -0.002 -9"><span class='ocrx_word' id='word_1_96' title='bbox 371 986 640 1026; x_wconf 75' lang='lat' dir='ltr'>ministrum</span> <span class='ocrx_word' id='word_1_97' title='bbox 656 980 680 1025; x_wconf 85' lang='lat'>¹.</span> <span class='ocrx_word' id='word_1_98' title='bbox 744 985 791 1024; x_wconf 94' lang='lat' dir='ltr'>In</span> <span class='ocrx_word' id='word_1_99' title='bbox 823 985 1021 1035; x_wconf 85' lang='lat' dir='ltr'>margine</span> <span class='ocrx_word' id='word_1_100' title='bbox 1054 984 1271 1034; x_wconf 81' lang='lat' dir='ltr'>plurimae</span> <span class='ocrx_word' id='word_1_101' title='bbox 1314 981 1598 1023; x_wconf 89' lang='lat' dir='ltr'>inveniuntur</span> <span class='ocrx_word' id='word_1_102' title='bbox 1641 984 1818 1033; x_wconf 84' lang='lat' dir='ltr'>glossae</span> <span class='ocrx_word' id='word_1_103' title='bbox 1850 984 1893 1022; x_wconf 86' lang='lat' dir='ltr'>et</span> <span class='ocrx_word' id='word_1_104' title='bbox 1923 984 2042 1022; x_wconf 85' lang='lat' dir='ltr'>tran-</span> 
     </span>
     <span class='ocr_line' id='line_1_12' title="bbox 372 1059 2041 1112; baseline -0.002 -10"><span class='ocrx_word' id='word_1_105' title='bbox 372 1062 636 1112; x_wconf 87' lang='lat' dir='ltr'>scriptiones</span> <span class='ocrx_word' id='word_1_106' title='bbox 664 1062 930 1102; x_wconf 85' lang='lat' dir='ltr'>divisionum</span> <span class='ocrx_word' id='word_1_107' title='bbox 956 1061 1000 1100; x_wconf 91' lang='lat' dir='ltr'>in</span> <span class='ocrx_word' id='word_1_108' title='bbox 1026 1063 1149 1100; x_wconf 84' lang='lat' dir='ltr'>textu</span> <span class='ocrx_word' id='word_1_109' title='bbox 1179 1060 1522 1110; x_wconf 83' lang='lat' dir='ltr'>propositarum,</span> <span class='ocrx_word' id='word_1_110' title='bbox 1550 1059 1730 1109; x_wconf 88' lang='lat' dir='ltr'>saepius</span> <span class='ocrx_word' id='word_1_111' title='bbox 1750 1070 1898 1107; x_wconf 90' lang='lat' dir='ltr'>manu,</span> <span class='ocrx_word' id='word_1_112' title='bbox 1926 1069 2041 1109; x_wconf 87' lang='lat' dir='ltr'>quae</span> 
     </span>
     <span class='ocr_line' id='line_1_13' title="bbox 371 1136 2043 1187; baseline -0.003 -8"><span class='ocrx_word' id='word_1_113' title='bbox 371 1139 526 1179; x_wconf 85' lang='lat' dir='ltr'>lectori</span> <span class='ocrx_word' id='word_1_114' title='bbox 569 1139 837 1178; x_wconf 85' lang='lat' dir='ltr'>notabiliora</span> <span class='ocrx_word' id='word_1_115' title='bbox 881 1138 1097 1184; x_wconf 85' lang='lat' dir='ltr'>ostendat,</span> <span class='ocrx_word' id='word_1_116' title='bbox 1144 1138 1334 1187; x_wconf 89' lang='lat' dir='ltr'>appicta.</span> <span class='ocrx_word' id='word_1_117' title='bbox 1407 1137 1600 1176; x_wconf 83' lang='lat' dir='ltr'>Litterae</span> <span class='ocrx_word' id='word_1_118' title='bbox 1645 1136 1836 1176; x_wconf 89' lang='lat' dir='ltr'>initiales</span> <span class='ocrx_word' id='word_1_119' title='bbox 1880 1146 2043 1185; x_wconf 84' lang='lat' dir='ltr'>magna</span> 
     </span>
     <span class='ocr_line' id='line_1_14' title="bbox 373 1199 1016 1255; baseline -0.003 0"><span class='ocrx_word' id='word_1_120' title='bbox 373 1215 591 1255; x_wconf 85' lang='lat' dir='ltr'>industria</span> <span class='ocrx_word' id='word_1_121' title='bbox 622 1217 724 1255; x_wconf 87' lang='lat' dir='ltr'>sunt</span> <span class='ocrx_word' id='word_1_122' title='bbox 758 1199 1016 1255; x_wconf 86' lang='lat' dir='ltr'>adornatae.</span> 
     </span>
    </p>

    <p class='ocr_par' dir='ltr' id='par_1_3' title="bbox 373 1289 2043 1878">
     <span class='ocr_line' id='line_1_15' title="bbox 513 1289 2042 1340; baseline -0.003 -8"><span class='ocrx_word' id='word_1_123' title='bbox 513 1292 711 1332; x_wconf 90' lang='lat' dir='ltr'>Alterum</span> <span class='ocrx_word' id='word_1_124' title='bbox 744 1292 874 1331; x_wconf 88' lang='lat' dir='ltr'>huius</span> <span class='ocrx_word' id='word_1_125' title='bbox 897 1290 1229 1331; x_wconf 76' lang='lat' dir='ltr'>Commentarz&#39;i</span> <span class='ocrx_word' id='word_1_126' title='bbox 1258 1291 1490 1340; x_wconf 86' lang='lat' dir='ltr'>exemplar</span> <span class='ocrx_word' id='word_1_127' title='bbox 1515 1289 1865 1339; x_wconf 86' lang='lat' dir='ltr'>manuscriptum</span> <span class='ocrx_word' id='word_1_128' title='bbox 1892 1299 2042 1338; x_wconf 89' lang='lat' dir='ltr'>quam—</span> 
     </span>
     <span class='ocr_line' id='line_1_16' title="bbox 373 1365 2043 1419; baseline -0.002 -11"><span class='ocrx_word' id='word_1_129' title='bbox 373 1369 439 1408; x_wconf 91' lang='lat' dir='ltr'>vis</span> <span class='ocrx_word' id='word_1_130' title='bbox 476 1379 638 1419; x_wconf 88' lang='lat' dir='ltr'>magno</span> <span class='ocrx_word' id='word_1_131' title='bbox 676 1369 831 1408; x_wconf 86' lang='lat' dir='ltr'>labore</span> <span class='ocrx_word' id='word_1_132' title='bbox 872 1367 1068 1407; x_wconf 89' lang='lat' dir='ltr'>adhibito</span> <span class='ocrx_word' id='word_1_133' title='bbox 1110 1366 1311 1406; x_wconf 90' lang='lat' dir='ltr'>invenire</span> <span class='ocrx_word' id='word_1_134' title='bbox 1349 1378 1438 1406; x_wconf 88' lang='lat' dir='ltr'>non</span> <span class='ocrx_word' id='word_1_135' title='bbox 1470 1366 1706 1416; x_wconf 86' lang='lat' dir='ltr'>potuimus.</span> <span class='ocrx_word' id='word_1_136' title='bbox 1770 1365 2043 1418; x_wconf 85' lang='lat' dir='ltr'>Servabatur</span> 
     </span>
     <span class='ocr_line' id='line_1_17' title="bbox 374 1438 2043 1495; baseline -0.002 -10"><span class='ocrx_word' id='word_1_137' title='bbox 374 1445 597 1495; x_wconf 90' lang='lat' dir='ltr'>quondam</span> <span class='ocrx_word' id='word_1_138' title='bbox 635 1447 747 1485; x_wconf 87' lang='lat' dir='ltr'>teste</span> <span class='ocrx_word' id='word_1_139' title='bbox 785 1438 1105 1494; x_wconf 86' lang='lat' dir='ltr'>Waddingo2</span> <span class='ocrx_word' id='word_1_140' title='bbox 1142 1443 1186 1483; x_wconf 91' lang='lat' dir='ltr'>in</span> <span class='ocrx_word' id='word_1_141' title='bbox 1229 1443 1500 1482; x_wconf 79' lang='lat' dir='ltr'>bibliotheca</span> <span class='ocrx_word' id='word_1_142' title='bbox 1545 1442 1692 1482; x_wconf 82' lang='lat' dir='ltr'>Sacri</span> <span class='ocrx_word' id='word_1_143' title='bbox 1736 1442 2043 1482; x_wconf 87' lang='lat' dir='ltr'>Conventus</span> 
     </span>
     <span class='ocr_line' id='line_1_18' title="bbox 374 1518 2043 1569; baseline -0.002 -8"><span class='ocrx_word' id='word_1_144' title='bbox 374 1521 711 1569; x_wconf 78' lang='lat' dir='ltr'>Assisiensis‚</span> <span class='ocrx_word' id='word_1_145' title='bbox 755 1521 832 1561; x_wconf 88' lang='lat' dir='ltr'>sed</span> <span class='ocrx_word' id='word_1_146' title='bbox 870 1521 1001 1561; x_wconf 92' lang='lat' dir='ltr'>hodie</span> <span class='ocrx_word' id='word_1_147' title='bbox 1034 1521 1305 1560; x_wconf 87' lang='lat' dir='ltr'>bibliotheca</span> <span class='ocrx_word' id='word_1_148' title='bbox 1335 1519 1712 1569; x_wconf 88' lang='lat' dir='ltr'>Municipialis‚</span> <span class='ocrx_word' id='word_1_149' title='bbox 1745 1519 1862 1558; x_wconf 91' lang='lat' dir='ltr'>illius</span> <span class='ocrx_word' id='word_1_150' title='bbox 1895 1518 2043 1568; x_wconf 87' lang='lat' dir='ltr'>quoad</span> 
     </span>
     <span class='ocr_line' id='line_1_19' title="bbox 373 1594 2043 1648; baseline -0.003 -10"><span class='ocrx_word' id='word_1_151' title='bbox 373 1597 563 1648; x_wconf 87' lang='lat' dir='ltr'>plurima</span> <span class='ocrx_word' id='word_1_152' title='bbox 590 1609 729 1648; x_wconf 89' lang='lat' dir='ltr'>opera</span> <span class='ocrx_word' id='word_1_153' title='bbox 753 1599 897 1647; x_wconf 84' lang='lat' dir='ltr'>heres,</span> <span class='ocrx_word' id='word_1_154' title='bbox 924 1598 1042 1637; x_wconf 92' lang='lat' dir='ltr'>hunc</span> <span class='ocrx_word' id='word_1_155' title='bbox 1070 1597 1268 1637; x_wconf 89' lang='lat' dir='ltr'>codicem</span> <span class='ocrx_word' id='word_1_156' title='bbox 1296 1596 1531 1637; x_wconf 79' lang='lat' dir='ltr'>desiderat.</span> <span class='ocrx_word' id='word_1_157' title='bbox 1580 1596 1665 1635; x_wconf 92' lang='lat' dir='ltr'>Alii</span> <span class='ocrx_word' id='word_1_158' title='bbox 1690 1595 1821 1635; x_wconf 90' lang='lat' dir='ltr'>huius</span> <span class='ocrx_word' id='word_1_159' title='bbox 1848 1594 2043 1634; x_wconf 90' lang='lat' dir='ltr'>auctoris</span> 
     </span>
     <span class='ocr_line' id='line_1_20' title="bbox 373 1671 2043 1726; baseline -0.002 -12"><span class='ocrx_word' id='word_1_160' title='bbox 373 1674 514 1726; x_wconf 84' lang='lat' dir='ltr'>nostri</span> <span class='ocrx_word' id='word_1_161' title='bbox 544 1675 690 1725; x_wconf 86' lang='lat' dir='ltr'>operis</span> <span class='ocrx_word' id='word_1_162' title='bbox 717 1674 894 1714; x_wconf 88' lang='lat' dir='ltr'>codices</span> <span class='ocrx_word' id='word_1_163' title='bbox 915 1673 1204 1723; x_wconf 90' lang='lat' dir='ltr'>manuscripti</span> <span class='ocrx_word' id='word_1_164' title='bbox 1226 1674 1507 1713; x_wconf 81' lang='lat' dir='ltr'>habebantur</span> <span class='ocrx_word' id='word_1_165' title='bbox 1528 1673 1646 1722; x_wconf 89' lang='lat' dir='ltr'>apud</span> <span class='ocrx_word' id='word_1_166' title='bbox 1669 1672 1830 1711; x_wconf 75' lang='lat' dir='ltr'>iratres</span> <span class='ocrx_word' id='word_1_167' title='bbox 1850 1671 2043 1711; x_wconf 87' lang='lat' dir='ltr'>Minores</span> 
     </span>
     <span class='ocr_line' id='line_1_21' title="bbox 376 1743 2043 1794; baseline -0.002 -3"><span class='ocrx_word' id='word_1_168' title='bbox 376 1745 664 1791; x_wconf 86' lang='lat' dir='ltr'>Senenses3</span> <span class='ocrx_word' id='word_1_169' title='bbox 706 1753 748 1791; x_wconf 89' lang='lat' dir='ltr'>et</span> <span class='ocrx_word' id='word_1_170' title='bbox 791 1751 835 1790; x_wconf 92' lang='lat' dir='ltr'>in</span> <span class='ocrx_word' id='word_1_171' title='bbox 876 1752 1098 1791; x_wconf 92' lang='lat' dir='ltr'>conventu</span> <span class='ocrx_word' id='word_1_172' title='bbox 1140 1750 1448 1790; x_wconf 88' lang='lat' dir='ltr'>Florentino</span> <span class='ocrx_word' id='word_1_173' title='bbox 1489 1761 1522 1790; x_wconf 89' lang='lat' dir='ltr'>s.</span> <span class='ocrx_word' id='word_1_174' title='bbox 1557 1743 1781 1789; x_wconf 82' lang='lat' dir='ltr'>Crucis4.</span> <span class='ocrx_word' id='word_1_175' title='bbox 1845 1748 2043 1794; x_wconf 89' lang='lat' dir='ltr'>Quorum</span> 
     </span>
     <span class='ocr_line' id='line_1_22' title="bbox 375 1827 1539 1878; baseline -0.002 -10"><span class='ocrx_word' id='word_1_176' title='bbox 375 1830 581 1868; x_wconf 88' lang='lat' dir='ltr'>neutrum</span> <span class='ocrx_word' id='word_1_177' title='bbox 612 1827 741 1867; x_wconf 91' lang='lat' dir='ltr'>nobis</span> <span class='ocrx_word' id='word_1_178' title='bbox 773 1828 903 1867; x_wconf 90' lang='lat' dir='ltr'>hodie</span> <span class='ocrx_word' id='word_1_179' title='bbox 936 1827 1159 1878; x_wconf 88' lang='lat' dir='ltr'>cognitum</span> <span class='ocrx_word' id='word_1_180' title='bbox 1193 1838 1292 1867; x_wconf 89' lang='lat' dir='ltr'>esse</span> <span class='ocrx_word' id='word_1_181' title='bbox 1325 1827 1539 1867; x_wconf 89' lang='lat' dir='ltr'>dolemus.</span> 
     </span>
    </p>
   </div>
   <div class='ocr_carea' id='block_1_3' title="bbox 388 1920 628 1923">
    <p class='ocr_par' dir='ltr' id='par_1_4' title="bbox 388 1920 628 1923">
     <span class='ocr_line' id='line_1_23' title="bbox 388 1920 628 1923; baseline 0 0"><span class='ocrx_word' id='word_1_182' title='bbox 388 1920 628 1923; x_wconf 95' lang='lat' dir='ltr'> </span> 
     </span>
    </p>
   </div>
   <div class='ocr_carea' id='block_1_4' title="bbox 629 1920 804 1923">
    <p class='ocr_par' dir='ltr' id='par_1_5' title="bbox 629 1920 804 1923">
     <span class='ocr_line' id='line_1_24' title="bbox 629 1920 804 1923; baseline 0 0"><span class='ocrx_word' id='word_1_183' title='bbox 629 1920 804 1923; x_wconf 95' lang='lat' dir='ltr'> </span> 
     </span>
    </p>
   </div>
   <div class='ocr_carea' id='block_1_5' title="bbox 375 1964 2044 2106">
    <p class='ocr_par' dir='ltr' id='par_1_6' title="bbox 375 1964 2044 2106">
     <span class='ocr_line' id='line_1_25' title="bbox 515 1964 2044 2008; baseline -0.001 -9"><span class='ocrx_word' id='word_1_184' title='bbox 515 1966 527 1989; x_wconf 90' lang='lat'>1</span> <span class='ocrx_word' id='word_1_185' title='bbox 553 1967 669 1999; x_wconf 90' lang='lat' dir='ltr'>Minus</span> <span class='ocrx_word' id='word_1_186' title='bbox 702 1968 822 1999; x_wconf 89' lang='lat' dir='ltr'>certus</span> <span class='ocrx_word' id='word_1_187' title='bbox 856 1976 935 1999; x_wconf 90' lang='lat' dir='ltr'>cum</span> <span class='ocrx_word' id='word_1_188' title='bbox 970 1968 1012 2000; x_wconf 91' lang='lat' dir='ltr'>cl.</span> <span class='ocrx_word' id='word_1_189' title='bbox 1047 1967 1084 1999; x_wconf 92' lang='lat' dir='ltr'>P.</span> <span class='ocrx_word' id='word_1_190' title='bbox 1116 1967 1293 1999; x_wconf 90' lang='lat' dir='ltr'>Livario</span> <span class='ocrx_word' id='word_1_191' title='bbox 1325 1966 1478 2007; x_wconf 84' lang='lat' dir='ltr'>Ol&#39;rger</span> <span class='ocrx_word' id='word_1_192' title='bbox 1512 1967 1596 2008; x_wconf 88' lang='lat' dir='ltr'>lego</span> <span class='ocrx_word' id='word_1_193' title='bbox 1618 1992 1624 1998; x_wconf 92' lang='lat'>.</span> <span class='ocrx_word' id='word_1_194' title='bbox 1646 1992 1653 1999; x_wconf 88' lang='lat'><strong>.</strong></span> <span class='ocrx_word' id='word_1_195' title='bbox 1676 1992 1682 1998; x_wconf 91' lang='lat'>.</span> <span class='ocrx_word' id='word_1_196' title='bbox 1703 1975 1800 2007; x_wconf 72' lang='lat' dir='ltr'>quem</span> <span class='ocrx_word' id='word_1_197' title='bbox 1827 1965 1873 1997; x_wconf 80' lang='lat' dir='ltr'>ad</span> <span class='ocrx_word' id='word_1_198' title='bbox 1894 1992 1900 1998; x_wconf 95' lang='lat'>.</span> <span class='ocrx_word' id='word_1_199' title='bbox 1922 1991 1929 1998; x_wconf 87' lang='lat'><strong><em>.</em></strong></span> <span class='ocrx_word' id='word_1_200' title='bbox 1951 1991 1957 1997; x_wconf 94' lang='lat'>.</span> <span class='ocrx_word' id='word_1_201' title='bbox 1981 1964 2044 1998; x_wconf 82' lang='lat' dir='ltr'>Fr.</span> 
     </span>
     <span class='ocr_line' id='line_1_26' title="bbox 382 2018 2043 2061; baseline -0.001 -10"><span class='ocrx_word' id='word_1_202' title='bbox 382 2020 394 2051; x_wconf 90' lang='lat' dir='ltr'>I</span> <span class='ocrx_word' id='word_1_203' title='bbox 402 2020 451 2061; x_wconf 57' lang='lat' dir='ltr'>{qo</span> <span class='ocrx_word' id='word_1_204' title='bbox 477 2019 639 2051; x_wconf 70' lang='lat' dir='ltr'>Biznerii</span> <span class='ocrx_word' id='word_1_205' title='bbox 664 2019 822 2060; x_wconf 80' lang='lat' dir='ltr'>fratrum</span> <span class='ocrx_word' id='word_1_206' title='bbox 848 2030 875 2051; x_wconf 78' lang='lat' dir='ltr'>s.</span> <span class='ocrx_word' id='word_1_207' title='bbox 904 2019 1098 2052; x_wconf 56' lang='lat' dir='ltr'>Lam-eneis</span> <span class='ocrx_word' id='word_1_208' title='bbox 1117 2019 1158 2051; x_wconf 79' lang='lat' dir='ltr'>de</span> <span class='ocrx_word' id='word_1_209' title='bbox 1176 2019 1353 2051; x_wconf 65' lang='lat' dir='ltr'>voluntate</span> <span class='ocrx_word' id='word_1_210' title='bbox 1372 2023 1431 2052; x_wconf 83' lang='lat' dir='ltr'>etc.</span> <span class='ocrx_word' id='word_1_211' title='bbox 1455 2044 1485 2052; x_wconf 92' lang='lat'>..</span> <span class='ocrx_word' id='word_1_212' title='bbox 1501 2043 1508 2049; x_wconf 91' lang='lat'><strong>.</strong></span> <span class='ocrx_word' id='word_1_213' title='bbox 1525 2022 1709 2051; x_wconf 75' lang='lat' dir='ltr'>conventus</span> <span class='ocrx_word' id='word_1_214' title='bbox 1735 2022 1764 2050; x_wconf 75' lang='lat' dir='ltr'>et</span> <span class='ocrx_word' id='word_1_215' title='bbox 1788 2018 1849 2050; x_wconf 69' lang='lat' dir='ltr'>hoe</span> <span class='ocrx_word' id='word_1_216' title='bbox 1869 2019 2043 2060; x_wconf 78' lang='lat' dir='ltr'>premium</span> 
     </span>
     <span class='ocr_line' id='line_1_27' title="bbox 375 2073 676 2106; baseline 0.003 -1"><span class='ocrx_word' id='word_1_217' title='bbox 375 2073 505 2105; x_wconf 79' lang='lat' dir='ltr'>donum</span> <span class='ocrx_word' id='word_1_218' title='bbox 530 2076 588 2104; x_wconf 77' lang='lat' dir='ltr'>etc.</span> <span class='ocrx_word' id='word_1_219' title='bbox 611 2099 618 2106; x_wconf 91' lang='lat'><strong><em>.</em></strong></span> <span class='ocrx_word' id='word_1_220' title='bbox 640 2098 647 2106; x_wconf 92' lang='lat'><strong>.</strong></span> <span class='ocrx_word' id='word_1_221' title='bbox 669 2097 676 2105; x_wconf 90' lang='lat'><strong>.</strong></span> 
     </span>
    </p>
   </div>
   <div class='ocr_carea' id='block_1_6' title="bbox 375 2129 2047 2708">
    <p class='ocr_par' dir='ltr' id='par_1_7' title="bbox 375 2129 2047 2588">
     <span class='ocr_line' id='line_1_28' title="bbox 514 2129 2045 2173; baseline -0.002 -9"><span class='ocrx_word' id='word_1_222' title='bbox 514 2131 528 2154; x_wconf 86' lang='lat'><strong>2</strong></span> <span class='ocrx_word' id='word_1_223' title='bbox 555 2131 749 2173; x_wconf 76' lang='lat' dir='ltr'>Scriptores</span> <span class='ocrx_word' id='word_1_224' title='bbox 784 2141 812 2164; x_wconf 86' lang='lat' dir='ltr'>s.</span> <span class='ocrx_word' id='word_1_225' title='bbox 839 2141 872 2164; x_wconf 89' lang='lat' dir='ltr'>v.</span> <span class='ocrx_word' id='word_1_226' title='bbox 904 2131 1086 2164; x_wconf 78' lang='lat' dir='ltr'>Johannes</span> <span class='ocrx_word' id='word_1_227' title='bbox 1111 2130 1326 2164; x_wconf 73' lang='lat' dir='ltr'>Peachanus.</span> <span class='ocrx_word' id='word_1_228' title='bbox 1376 2132 1448 2164; x_wconf 86' lang='lat' dir='ltr'>Iam</span> <span class='ocrx_word' id='word_1_229' title='bbox 1484 2131 1701 2164; x_wconf 88' lang='lat' dir='ltr'>Sbaralea</span> <span class='ocrx_word' id='word_1_230' title='bbox 1735 2129 2045 2172; x_wconf 75' lang='lat' dir='ltr'>(Supplementum)</span> 
     </span>
     <span class='ocr_line' id='line_1_29' title="bbox 376 2183 2044 2226; baseline -0.001 -9"><span class='ocrx_word' id='word_1_231' title='bbox 376 2186 499 2218; x_wconf 91' lang='lat' dir='ltr'>monet</span> <span class='ocrx_word' id='word_1_232' title='bbox 524 2185 568 2217; x_wconf 94' lang='lat' dir='ltr'>de</span> <span class='ocrx_word' id='word_1_233' title='bbox 594 2185 742 2226; x_wconf 88' lang='lat' dir='ltr'>antiquo</span> <span class='ocrx_word' id='word_1_234' title='bbox 768 2185 829 2217; x_wconf 93' lang='lat' dir='ltr'>illo</span> <span class='ocrx_word' id='word_1_235' title='bbox 855 2185 1023 2226; x_wconf 88' lang='lat' dir='ltr'>catalogo</span> <span class='ocrx_word' id='word_1_236' title='bbox 1059 2194 1153 2217; x_wconf 90' lang='lat' dir='ltr'>anno</span> <span class='ocrx_word' id='word_1_237' title='bbox 1187 2185 1273 2218; x_wconf 87' lang='lat'>1381</span> <span class='ocrx_word' id='word_1_238' title='bbox 1307 2185 1523 2225; x_wconf 82' lang='lat' dir='ltr'>conscripto,</span> <span class='ocrx_word' id='word_1_239' title='bbox 1563 2193 1670 2225; x_wconf 87' lang='lat' dir='ltr'>quem</span> <span class='ocrx_word' id='word_1_240' title='bbox 1705 2186 1833 2225; x_wconf 90' lang='lat' dir='ltr'>postea</span> <span class='ocrx_word' id='word_1_241' title='bbox 1867 2184 1976 2216; x_wconf 84' lang='lat' dir='ltr'>edidit</span> <span class='ocrx_word' id='word_1_242' title='bbox 2008 2183 2044 2216; x_wconf 89' lang='lat' dir='ltr'>L.</span> 
     </span>
     <span class='ocr_line' id='line_1_30' title="bbox 375 2236 2044 2277; baseline -0.002 -7"><span class='ocrx_word' id='word_1_243' title='bbox 375 2238 640 2271; x_wconf 84' lang='lat' dir='ltr'>Alessandri</span> <span class='ocrx_word' id='word_1_244' title='bbox 665 2237 883 2277; x_wconf 62' lang='lat' dir='ltr'>(Inventor-io</span> <span class='ocrx_word' id='word_1_245' title='bbox 907 2237 989 2269; x_wconf 80' lang='lat' dir='ltr'>dell’</span> <span class='ocrx_word' id='word_1_246' title='bbox 1011 2238 1129 2269; x_wconf 79' lang='lat' dir='ltr'>ant-ica</span> <span class='ocrx_word' id='word_1_247' title='bbox 1148 2237 1324 2269; x_wconf 67' lang='lat' dir='ltr'>biblioteca</span> <span class='ocrx_word' id='word_1_248' title='bbox 1352 2237 1407 2268; x_wconf 79' lang='lat' dir='ltr'>del</span> <span class='ocrx_word' id='word_1_249' title='bbox 1432 2247 1457 2268; x_wconf 87' lang='lat' dir='ltr'>s.</span> <span class='ocrx_word' id='word_1_250' title='bbox 1486 2241 1646 2269; x_wconf 73' lang='lat' dir='ltr'>com-ento</span> <span class='ocrx_word' id='word_1_251' title='bbox 1673 2237 1711 2269; x_wconf 82' lang='lat' dir='ltr'>di</span> <span class='ocrx_word' id='word_1_252' title='bbox 1734 2247 1761 2270; x_wconf 80' lang='lat' dir='ltr'>s.</span> <span class='ocrx_word' id='word_1_253' title='bbox 1788 2236 1983 2268; x_wconf 78' lang='lat' dir='ltr'>Francesco</span> <span class='ocrx_word' id='word_1_254' title='bbox 2008 2236 2044 2267; x_wconf 69' lang='grc' dir='ltr'>ίιι</span> 
     </span>
     <span class='ocr_line' id='line_1_31' title="bbox 378 2288 2044 2332; baseline -0.001 -10"><span class='ocrx_word' id='word_1_255' title='bbox 378 2291 506 2332; x_wconf 71' lang='grc' dir='ltr'><strong><em>Αεείεἰ,</em></strong></span> <span class='ocrx_word' id='word_1_256' title='bbox 534 2291 683 2324; x_wconf 81' lang='lat' dir='ltr'>Assisiis</span> <span class='ocrx_word' id='word_1_257' title='bbox 712 2290 827 2331; x_wconf 86' lang='lat'><strong>1906),</strong></span> <span class='ocrx_word' id='word_1_258' title='bbox 853 2291 914 2323; x_wconf 92' lang='lat' dir='ltr'>ubi</span> <span class='ocrx_word' id='word_1_259' title='bbox 938 2291 1092 2324; x_wconf 88' lang='lat' dir='ltr'>habetur</span> <span class='ocrx_word' id='word_1_260' title='bbox 1117 2291 1235 2323; x_wconf 88' lang='lat' dir='ltr'>codex</span> <span class='ocrx_word' id='word_1_261' title='bbox 1260 2292 1385 2324; x_wconf 87' lang='lat' dir='ltr'>noster</span> <span class='ocrx_word' id='word_1_262' title='bbox 1411 2291 1476 2323; x_wconf 90' lang='lat' dir='ltr'>sub</span> <span class='ocrx_word' id='word_1_263' title='bbox 1502 2300 1651 2323; x_wconf 90' lang='lat' dir='ltr'>numero</span> <span class='ocrx_word' id='word_1_264' title='bbox 1674 2288 2044 2330; x_wconf 84' lang='lat' dir='ltr'>CCCXXV1(p.102)‚</span> 
     </span>
     <span class='ocr_line' id='line_1_32' title="bbox 378 2343 2044 2385; baseline -0.001 -9"><span class='ocrx_word' id='word_1_265' title='bbox 378 2344 442 2376; x_wconf 89' lang='lat' dir='ltr'>sed</span> <span class='ocrx_word' id='word_1_266' title='bbox 468 2344 565 2376; x_wconf 86' lang='lat' dir='ltr'>errat</span> <span class='ocrx_word' id='word_1_267' title='bbox 590 2343 809 2376; x_wconf 87' lang='lat' dir='ltr'>Sbaralea</span> <span class='ocrx_word' id='word_1_268' title='bbox 832 2344 1015 2384; x_wconf 88' lang='lat' dir='ltr'>loquendo</span> <span class='ocrx_word' id='word_1_269' title='bbox 1041 2344 1086 2376; x_wconf 94' lang='lat' dir='ltr'>de</span> <span class='ocrx_word' id='word_1_270' title='bbox 1112 2344 1211 2380; x_wconf 81' lang='lat' dir='ltr'>libris</span> <span class='ocrx_word' id='word_1_271' title='bbox 1235 2347 1401 2385; x_wconf 76' lang='lat' dir='ltr'>quattuor</span> <span class='ocrx_word' id='word_1_272' title='bbox 1424 2344 1530 2376; x_wconf 87' lang='lat' dir='ltr'>huius</span> <span class='ocrx_word' id='word_1_273' title='bbox 1556 2343 1812 2382; x_wconf 86' lang='lat' dir='ltr'>commentarii,</span> <span class='ocrx_word' id='word_1_274' title='bbox 1842 2351 1925 2375; x_wconf 90' lang='lat' dir='ltr'>nam</span> <span class='ocrx_word' id='word_1_275' title='bbox 1951 2343 2044 2380; x_wconf 80' lang='lat' dir='ltr'>finis,</span> 
     </span>
     <span class='ocr_line' id='line_1_33' title="bbox 379 2394 2047 2437; baseline -0.002 -8"><span class='ocrx_word' id='word_1_276' title='bbox 379 2405 485 2437; x_wconf 89' lang='lat' dir='ltr'>quem</span> <span class='ocrx_word' id='word_1_277' title='bbox 510 2397 649 2436; x_wconf 88' lang='lat' dir='ltr'>recitat,</span> <span class='ocrx_word' id='word_1_278' title='bbox 674 2398 730 2429; x_wconf 87' lang='lat' dir='ltr'>est</span> <span class='ocrx_word' id='word_1_279' title='bbox 756 2397 838 2429; x_wconf 80' lang='lat' dir='ltr'>finis</span> <span class='ocrx_word' id='word_1_280' title='bbox 864 2397 945 2429; x_wconf 91' lang='lat' dir='ltr'>libri</span> <span class='ocrx_word' id='word_1_281' title='bbox 970 2397 1075 2437; x_wconf 87' lang='lat' dir='ltr'>primi</span> <span class='ocrx_word' id='word_1_282' title='bbox 1100 2395 1151 2436; x_wconf 92' lang='lat' dir='ltr'>(et</span> <span class='ocrx_word' id='word_1_283' title='bbox 1176 2397 1271 2428; x_wconf 92' lang='lat' dir='ltr'>unici</span> <span class='ocrx_word' id='word_1_284' title='bbox 1296 2397 1400 2429; x_wconf 88' lang='lat' dir='ltr'>nobis</span> <span class='ocrx_word' id='word_1_285' title='bbox 1424 2395 1533 2435; x_wconf 79' lang='lat' dir='ltr'>noti):</span> <span class='ocrx_word' id='word_1_286' title='bbox 1560 2396 1612 2428; x_wconf 73' lang='lat' dir='ltr'>De</span> <span class='ocrx_word' id='word_1_287' title='bbox 1637 2396 1735 2427; x_wconf 82' lang='lat' dir='ltr'>modo</span> <span class='ocrx_word' id='word_1_288' title='bbox 1760 2395 1980 2436; x_wconf 73' lang='lat' dir='ltr'>[legendumt</span> <span class='ocrx_word' id='word_1_289' title='bbox 2007 2394 2047 2425; x_wconf 79' lang='lat' dir='ltr'>cle</span> 
     </span>
     <span class='ocr_line' id='line_1_34' title="bbox 378 2448 2045 2490; baseline -0.001 -10"><span class='ocrx_word' id='word_1_290' title='bbox 378 2449 461 2489; x_wconf 82' lang='lat' dir='ltr'>meo]</span> <span class='ocrx_word' id='word_1_291' title='bbox 487 2449 570 2481; x_wconf 82' lang='lat' dir='ltr'>haec</span> <span class='ocrx_word' id='word_1_292' title='bbox 594 2449 749 2489; x_wconf 72' lang='lat' dir='ltr'>inserui;</span> <span class='ocrx_word' id='word_1_293' title='bbox 773 2449 959 2490; x_wconf 72' lang='lat' dir='ltr'>indulyeas</span> <span class='ocrx_word' id='word_1_294' title='bbox 985 2453 1022 2481; x_wconf 74' lang='lat' dir='ltr'>tn</span> <span class='ocrx_word' id='word_1_295' title='bbox 1047 2453 1078 2481; x_wconf 79' lang='lat' dir='ltr'>et</span> <span class='ocrx_word' id='word_1_296' title='bbox 1100 2453 1254 2490; x_wconf 77' lang='lat' dir='ltr'>pareant</span> <span class='ocrx_word' id='word_1_297' title='bbox 1279 2448 1346 2480; x_wconf 68' lang='lat' dir='ltr'>illi.</span> <span class='ocrx_word' id='word_1_298' title='bbox 1374 2449 1495 2481; x_wconf 78' lang='lat' dir='ltr'>Amen.</span> <span class='ocrx_word' id='word_1_299' title='bbox 1540 2450 1581 2481; x_wconf 91' lang='lat' dir='ltr'>Et</span> <span class='ocrx_word' id='word_1_300' title='bbox 1606 2449 1794 2490; x_wconf 85' lang='lat' dir='ltr'>catalogus</span> <span class='ocrx_word' id='word_1_301' title='bbox 1819 2449 1879 2480; x_wconf 90' lang='lat' dir='ltr'>ille</span> <span class='ocrx_word' id='word_1_302' title='bbox 1905 2449 1949 2480; x_wconf 89' lang='lat' dir='ltr'>de</span> <span class='ocrx_word' id='word_1_303' title='bbox 1975 2456 2045 2479; x_wconf 91' lang='lat' dir='ltr'>uno</span> 
     </span>
     <span class='ocr_line' id='line_1_35' title="bbox 377 2500 2046 2543; baseline -0.002 -8"><span class='ocrx_word' id='word_1_304' title='bbox 377 2503 516 2535; x_wconf 81' lang='lat' dir='ltr'>tantum</span> <span class='ocrx_word' id='word_1_305' title='bbox 540 2502 631 2535; x_wconf 90' lang='lat' dir='ltr'>libro</span> <span class='ocrx_word' id='word_1_306' title='bbox 657 2503 833 2542; x_wconf 86' lang='lat' dir='ltr'>loquitur:</span> <span class='ocrx_word' id='word_1_307' title='bbox 872 2502 1038 2542; x_wconf 79' lang='lat' dir='ltr'>„Primus</span> <span class='ocrx_word' id='word_1_308' title='bbox 1069 2512 1177 2543; x_wconf 75' lang='lat' dir='ltr'>super</span> <span class='ocrx_word' id='word_1_309' title='bbox 1210 2502 1399 2533; x_wconf 67' lang='lat' dir='ltr'>sententias</span> <span class='ocrx_word' id='word_1_310' title='bbox 1434 2502 1472 2533; x_wconf 84' lang='lat' dir='ltr'><em>M</em></span> <span class='ocrx_word' id='word_1_311' title='bbox 1480 2511 1500 2532; x_wconf 77' lang='lat' dir='ltr'>a</span> <span class='ocrx_word' id='word_1_312' title='bbox 1508 2502 1646 2543; x_wconf 70' lang='lat' dir='ltr'>qistri</span> <span class='ocrx_word' id='word_1_313' title='bbox 1680 2502 1811 2541; x_wconf 77' lang='lat' dir='ltr'>fratris</span> <span class='ocrx_word' id='word_1_314' title='bbox 1837 2500 2046 2533; x_wconf 73' lang='lat' dir='ltr'>Iohannis</span> 
     </span>
     <span class='ocr_line' id='line_1_36' title="bbox 377 2552 695 2588; baseline 0.006 -2"><span class='ocrx_word' id='word_1_315' title='bbox 377 2555 425 2586; x_wconf 73' lang='lat' dir='ltr'>de</span> <span class='ocrx_word' id='word_1_316' title='bbox 450 2552 695 2588; x_wconf 80' lang='lat' dir='ltr'>Pecziano.“</span> 
     </span>
    </p>

    <p class='ocr_par' dir='ltr' id='par_1_8' title="bbox 377 2613 2045 2708">
     <span class='ocr_line' id='line_1_37' title="bbox 517 2613 2045 2655; baseline -0.001 -9"><span class='ocrx_word' id='word_1_317' title='bbox 517 2613 532 2635; x_wconf 83' lang='lat'>3</span> <span class='ocrx_word' id='word_1_318' title='bbox 557 2614 626 2646; x_wconf 82' lang='lat' dir='ltr'>Cfr.</span> <span class='ocrx_word' id='word_1_319' title='bbox 652 2614 828 2654; x_wconf 87' lang='lat' dir='ltr'>Papini,</span> <span class='ocrx_word' id='word_1_320' title='bbox 856 2613 1054 2645; x_wconf 80' lang='lat' dir='ltr'>L’Etruria</span> <span class='ocrx_word' id='word_1_321' title='bbox 1080 2613 1341 2655; x_wconf 73' lang='lat' dir='ltr'>Francos-caua,</span> <span class='ocrx_word' id='word_1_322' title='bbox 1372 2613 1502 2646; x_wconf 84' lang='lat' dir='ltr'>Sienae</span> <span class='ocrx_word' id='word_1_323' title='bbox 1530 2614 1628 2653; x_wconf 85' lang='lat'><strong>1797,</strong></span> <span class='ocrx_word' id='word_1_324' title='bbox 1658 2613 1733 2645; x_wconf 81' lang='lat'>120.</span> <span class='ocrx_word' id='word_1_325' title='bbox 1782 2613 1844 2645; x_wconf 85' lang='lat' dir='ltr'>Est</span> <span class='ocrx_word' id='word_1_326' title='bbox 1869 2613 1926 2646; x_wconf 88' lang='lat' dir='ltr'>hic</span> <span class='ocrx_word' id='word_1_327' title='bbox 1950 2615 2045 2646; x_wconf 85' lang='lat' dir='ltr'>cata-</span> 
     </span>
     <span class='ocr_line' id='line_1_38' title="bbox 377 2667 981 2708; baseline 0 -9"><span class='ocrx_word' id='word_1_328' title='bbox 377 2667 483 2708; x_wconf 88' lang='lat' dir='ltr'>logus</span> <span class='ocrx_word' id='word_1_329' title='bbox 509 2667 735 2707; x_wconf 84' lang='lat' dir='ltr'>conscriptus</span> <span class='ocrx_word' id='word_1_330' title='bbox 761 2676 855 2699; x_wconf 91' lang='lat' dir='ltr'>anno</span> <span class='ocrx_word' id='word_1_331' title='bbox 883 2667 981 2699; x_wconf 83' lang='lat'>1481.</span> 
     </span>
    </p>
   </div>
   <div class='ocr_carea' id='block_1_7' title="bbox 377 2723 2047 3029">
    <p class='ocr_par' dir='ltr' id='par_1_9' title="bbox 377 2723 2047 3029">
     <span class='ocr_line' id='line_1_39' title="bbox 516 2723 2045 2765; baseline 0.001 -8"><span class='ocrx_word' id='word_1_332' title='bbox 516 2723 531 2746; x_wconf 81' lang='lat'>4</span> <span class='ocrx_word' id='word_1_333' title='bbox 555 2725 663 2757; x_wconf 85' lang='lat' dir='ltr'>Teste</span> <span class='ocrx_word' id='word_1_334' title='bbox 684 2724 910 2758; x_wconf 86' lang='lat' dir='ltr'>Sbaralea.</span> <span class='ocrx_word' id='word_1_335' title='bbox 954 2725 1056 2758; x_wconf 91' lang='lat' dir='ltr'>Hunc</span> <span class='ocrx_word' id='word_1_336' title='bbox 1074 2726 1235 2759; x_wconf 85' lang='lat' dir='ltr'>codicem</span> <span class='ocrx_word' id='word_1_337' title='bbox 1256 2733 1339 2757; x_wconf 88' lang='lat' dir='ltr'>esse</span> <span class='ocrx_word' id='word_1_338' title='bbox 1360 2726 1513 2757; x_wconf 91' lang='lat' dir='ltr'>eundem</span> <span class='ocrx_word' id='word_1_339' title='bbox 1534 2734 1639 2765; x_wconf 91' lang='lat' dir='ltr'>quem</span> <span class='ocrx_word' id='word_1_340' title='bbox 1659 2734 1770 2765; x_wconf 87' lang='lat' dir='ltr'>supra</span> <span class='ocrx_word' id='word_1_341' title='bbox 1789 2725 2045 2765; x_wconf 88' lang='lat' dir='ltr'>descripsimus</span> 
     </span>
     <span class='ocr_line' id='line_1_40' title="bbox 380 2777 2047 2818; baseline 0.001 -9"><span class='ocrx_word' id='word_1_342' title='bbox 380 2777 516 2818; x_wconf 91' lang='lat' dir='ltr'>quique</span> <span class='ocrx_word' id='word_1_343' title='bbox 552 2777 658 2811; x_wconf 89' lang='lat' dir='ltr'>hodie</span> <span class='ocrx_word' id='word_1_344' title='bbox 697 2778 732 2810; x_wconf 92' lang='lat' dir='ltr'>in</span> <span class='ocrx_word' id='word_1_345' title='bbox 770 2778 987 2810; x_wconf 86' lang='lat' dir='ltr'>bibliotheca</span> <span class='ocrx_word' id='word_1_346' title='bbox 1023 2778 1284 2810; x_wconf 90' lang='lat' dir='ltr'>Florentina</span> <span class='ocrx_word' id='word_1_347' title='bbox 1321 2778 1549 2810; x_wconf 87' lang='lat' dir='ltr'>Nationali</span> <span class='ocrx_word' id='word_1_348' title='bbox 1587 2779 1797 2810; x_wconf 86' lang='lat' dir='ltr'>asservatur</span> <span class='ocrx_word' id='word_1_349' title='bbox 1833 2786 2047 2818; x_wconf 87' lang='lat' dir='ltr'>persuasum</span> 
     </span>
     <span class='ocr_line' id='line_1_41' title="bbox 377 2830 2044 2869; baseline 0 -7"><span class='ocrx_word' id='word_1_350' title='bbox 377 2831 507 2863; x_wconf 90' lang='lat' dir='ltr'>habeo.</span> <span class='ocrx_word' id='word_1_351' title='bbox 556 2830 608 2863; x_wconf 91' lang='lat' dir='ltr'>De</span> <span class='ocrx_word' id='word_1_352' title='bbox 634 2832 814 2863; x_wconf 90' lang='lat' dir='ltr'>conventu</span> <span class='ocrx_word' id='word_1_353' title='bbox 841 2840 868 2863; x_wconf 89' lang='lat' dir='ltr'>s.</span> <span class='ocrx_word' id='word_1_354' title='bbox 896 2831 1051 2863; x_wconf 89' lang='lat' dir='ltr'>Crucis</span> <span class='ocrx_word' id='word_1_355' title='bbox 1076 2832 1218 2863; x_wconf 87' lang='lat' dir='ltr'>videtur</span> <span class='ocrx_word' id='word_1_356' title='bbox 1252 2830 1399 2863; x_wconf 87' lang='lat' dir='ltr'>venisse</span> <span class='ocrx_word' id='word_1_357' title='bbox 1436 2831 1472 2862; x_wconf 92' lang='lat' dir='ltr'>in</span> <span class='ocrx_word' id='word_1_358' title='bbox 1509 2830 1868 2869; x_wconf 87' lang='lat' dir='ltr'>Laurentianam‚</span> <span class='ocrx_word' id='word_1_359' title='bbox 1908 2830 2044 2869; x_wconf 89' lang='lat' dir='ltr'>dehinc,</span> 
     </span>
     <span class='ocr_line' id='line_1_42' title="bbox 381 2881 2045 2924; baseline 0 -9"><span class='ocrx_word' id='word_1_360' title='bbox 381 2883 476 2922; x_wconf 92' lang='lat' dir='ltr'>quod</span> <span class='ocrx_word' id='word_1_361' title='bbox 513 2884 555 2915; x_wconf 93' lang='lat' dir='ltr'>cl.</span> <span class='ocrx_word' id='word_1_362' title='bbox 594 2883 912 2916; x_wconf 85' lang='lat' dir='ltr'>Grabmaunum</span> <span class='ocrx_word' id='word_1_363' title='bbox 949 2882 1027 2923; x_wconf 71' lang='lat' dir='ltr'>(cir.</span> <span class='ocrx_word' id='word_1_364' title='bbox 1070 2882 1268 2915; x_wconf 73' lang='lat' dir='ltr'>Gesehichte</span> <span class='ocrx_word' id='word_1_365' title='bbox 1302 2882 1365 2913; x_wconf 81' lang='lat' dir='ltr'>der</span> <span class='ocrx_word' id='word_1_366' title='bbox 1399 2882 1671 2914; x_wconf 72' lang='lat' dir='ltr'>scholastischen</span> <span class='ocrx_word' id='word_1_367' title='bbox 1695 2882 1863 2924; x_wconf 64' lang='lat' dir='ltr'>Memmia,</span> <span class='ocrx_word' id='word_1_368' title='bbox 1899 2883 1937 2922; x_wconf 85' lang='lat' dir='ltr'>ll,</span> <span class='ocrx_word' id='word_1_369' title='bbox 1964 2881 2045 2921; x_wconf 82' lang='lat'><strong>392)</strong></span> 
     </span>
     <span class='ocr_line' id='line_1_43' title="bbox 379 2935 2045 2976; baseline -0.001 -8"><span class='ocrx_word' id='word_1_370' title='bbox 379 2936 528 2976; x_wconf 78' lang='lat' dir='ltr'>aufugit,</span> <span class='ocrx_word' id='word_1_371' title='bbox 567 2936 612 2968; x_wconf 88' lang='lat' dir='ltr'>ad</span> <span class='ocrx_word' id='word_1_372' title='bbox 646 2936 776 2968; x_wconf 82' lang='lat' dir='ltr'>fratres</span> <span class='ocrx_word' id='word_1_373' title='bbox 812 2936 1006 2968; x_wconf 86' lang='lat' dir='ltr'>Minores</span> <span class='ocrx_word' id='word_1_374' title='bbox 1040 2944 1220 2974; x_wconf 89' lang='lat' dir='ltr'>reversus,</span> <span class='ocrx_word' id='word_1_375' title='bbox 1257 2935 1293 2967; x_wconf 89' lang='lat' dir='ltr'>in</span> <span class='ocrx_word' id='word_1_376' title='bbox 1325 2936 1523 2968; x_wconf 88' lang='lat' dir='ltr'>conventus</span> <span class='ocrx_word' id='word_1_377' title='bbox 1550 2936 1689 2968; x_wconf 89' lang='lat' dir='ltr'>illorum</span> <span class='ocrx_word' id='word_1_378' title='bbox 1715 2936 1976 2976; x_wconf 88' lang='lat' dir='ltr'>suppressione</span> <span class='ocrx_word' id='word_1_379' title='bbox 2002 2935 2045 2967; x_wconf 90' lang='lat' dir='ltr'>ad</span> 
     </span>
     <span class='ocr_line' id='line_1_44' title="bbox 380 2985 1814 3029; baseline 0.001 -11"><span class='ocrx_word' id='word_1_380' title='bbox 380 2987 598 3029; x_wconf 77' lang='lat' dir='ltr'>„Nazionale</span> <span class='ocrx_word' id='word_1_381' title='bbox 624 2985 797 3019; x_wconf 62' lang='lat' dir='ltr'>cento-am</span> <span class='ocrx_word' id='word_1_382' title='bbox 825 2989 1020 3021; x_wconf 84' lang='lat' dir='ltr'>translatus</span> <span class='ocrx_word' id='word_1_383' title='bbox 1047 2997 1141 3020; x_wconf 88' lang='lat' dir='ltr'>esse.</span> <span class='ocrx_word' id='word_1_384' title='bbox 1191 2987 1261 3020; x_wconf 79' lang='lat' dir='ltr'>Cir.</span> <span class='ocrx_word' id='word_1_385' title='bbox 1287 2988 1526 3027; x_wconf 87' lang='lat' dir='ltr'>Bandinus,</span> <span class='ocrx_word' id='word_1_386' title='bbox 1554 2989 1573 3020; x_wconf 93' lang='lat' dir='ltr'>l.</span> <span class='ocrx_word' id='word_1_387' title='bbox 1601 2997 1630 3020; x_wconf 92' lang='lat' dir='ltr'>c.</span> <span class='ocrx_word' id='word_1_388' title='bbox 1656 2989 1711 3027; x_wconf 90' lang='lat' dir='ltr'>IV,</span> <span class='ocrx_word' id='word_1_389' title='bbox 1739 2989 1814 3020; x_wconf 85' lang='lat'>719.</span> 
     </span>
    </p>
   </div>
  </div>
 </body>
</html>
