2095 3459
794 177 966 214 Quaestio
994 177 1046 210 XI.
1720 178 1762 211 4³1)

76 273 319 319 imperando
357 275 507 309 motum
546 274 586 309 et
622 273 842 310 efficiendo
876 276 1040 310 motum.
1091 275 1296 320 Amplius:
1337 274 1473 311 Virtus
1500 275 1698 311 naturalis
1726 277 1767 311 et

77 333 402 378 supernaturalis
422 332 462 368 in
483 332 621 369 anima
640 335 834 378 separata
855 335 935 369 stat
955 334 994 369 in
1015 334 1122 379 ipsa;
1143 334 1184 370 in
1199 337 1332 377 <n0n>
1349 336 1544 379 separata
1562 334 1767 370 redundat

76 392 116 428 in
144 401 306 437 corpus.
355 391 462 438 Ergo
500 401 575 437 per
609 392 746 428 omnia
780 392 908 428 virtus
946 393 1033 429 eius
1060 393 1240 439 <magis>
1276 394 1567 439 multiplicatur
1601 393 1766 438 quando

77 451 350 497 coniungitur,
378 460 499 496 quam
527 452 691 496 quando
720 453 946 496 separatur.
997 451 1044 488 Et
1070 452 1125 488 ita
1151 462 1226 497 per
1253 462 1518 498 consequens
1543 453 1677 489 minus
1705 454 1769 488 est

41 518 57 542 ⁵
77 510 241 547 intensa
269 511 309 546 et
335 510 471 546 valida
497 511 547 546 ad
577 511 842 555 operationes
872 520 980 547 suas.

217 571 249 605 4.
276 569 376 605 Item
404 579 553 614 corpus
591 571 965 615 quantumcumque
999 570 1235 607 nobilitatur
1270 581 1344 616 per
1379 571 1563 617 gloriam,
1603 581 1769 616 semper

79 630 142 665 est
177 628 398 674 ignobilius
432 628 586 673 spiritu.
637 628 742 674 Ergo
779 630 944 674 quando
981 630 1117 666 anima
1152 630 1289 666 unitur
1324 631 1499 676 corpori,
1538 631 1675 667 unitur
1708 631 1769 667 rei

78 688 320 734 ignobiliori.
373 687 454 724 Sed
482 688 592 724 nulla
617 697 685 724 res
726 688 962 724 nobilitatur
997 698 1073 733 per
1106 698 1195 726 rem
1232 699 1278 725 se
1314 690 1613 736 ignobiliorem.
1662 689 1768 736 Ergo

79 747 311 784 intellectus
338 756 547 792 nunquam
577 746 750 783 efficitur
777 748 986 792 potentior
1012 748 1257 784 coniunctus
1278 749 1442 794 corpori
1462 759 1585 794 quam
1605 750 1657 786 ab
1678 749 1769 794 ipso

28 812 60 838 10
79 808 307 852 separatus.

219 867 250 902 5.
278 865 377 902 Item
412 867 566 911 quanto
600 865 958 902 immaterialiores
995 867 1090 902 sunt
1124 865 1296 909 formae,
1332 868 1447 904 tanto
1485 870 1580 904 sunt
1614 868 1771 913 perfec-

80 924 219 961 tiores.
259 924 407 961 Anima
433 926 571 961 autem
597 924 710 961 unita
737 925 900 970 corpori
927 926 1052 961 habet
1077 926 1292 962 materiam
1318 926 1586 963 intrinsecam
1612 928 1771 972 partem

82 984 145 1020 sui
172 985 212 1020 et
240 984 363 1020 etiam
391 984 682 1025 extrinsecam,
718 993 839 1029 quam
866 983 1038 1029 perficit.
1088 984 1238 1021 Anima
1263 986 1402 1021 autem
1429 987 1623 1031 separata
1648 987 1773 1023 habet

80 1044 237 1079 tantum
264 1043 478 1079 materiam
505 1044 688 1079 alteram.
726 1043 832 1089 Ergo
861 1044 1055 1088 separata
1076 1045 1140 1080 est
1160 1044 1370 1080 liberalior
1389 1045 1441 1081 ad
1461 1045 1772 1091 intelligendum

30 1113 62 1144 ις»
82 1112 204 1148 quam
231 1102 462 1139 coniuncta.
512 1103 615 1138 Nihil
644 1104 782 1139 autem
809 1103 966 1148 appetit
992 1103 1233 1139 naturaliter
1269 1114 1388 1141 suum
1422 1104 1772 1149 impedimentum.

80 1160 187 1208 Ergo
216 1163 291 1198 etc.

223 1222 256 1257 6.
282 1221 383 1257 Item
410 1221 548 1257 anima
575 1221 705 1267 magis
732 1221 889 1266 appetit
914 1221 1213 1258 beatitudinem
1238 1232 1361 1267 quam
1382 1232 1531 1268 corpus
1552 1223 1773 1268 proprium.

84 1279 167 1317 Sed
193 1280 330 1316 anima
357 1280 578 1316 coniuncta
605 1280 769 1325 corpori
796 1290 870 1316 suo
904 1290 988 1317 non
1020 1282 1159 1326 potest
1194 1281 1350 1318 sentire
1386 1282 1553 1327 aliquod
1589 1282 1774 1327 corporis

85 1339 375 1376 detrimentum
403 1339 493 1376 sine
527 1340 681 1376 dolore.
732 1339 837 1385 Ergo
875 1340 1060 1376 similiter
1097 1342 1292 1386 separata
1329 1351 1413 1377 non
1447 1342 1775 1387 potestsentire

31 1409 65 1435 ρο
85 1398 374 1435 detrimentum
400 1399 665 1435 beatitudinis
694 1399 784 1435 sine
812 1399 965 1435 dolore.
1017 1399 1099 1435 Sed
1134 1399 1190 1435 ibi
1224 1400 1359 1436 nullus
1393 1402 1457 1436 est
1491 1401 1619 1437 dolor.
1668 1400 1774 1447 Ergo

85 1467 163 1494 nec
191 1467 341 1493 sensus
369 1458 615 1494 detrimenti.
666 1458 837 1494 Constat
863 1460 1000 1494 autem
1028 1459 1148 1503 quod,
1188 1459 1223 1494 si
1250 1461 1365 1495 esset
1392 1459 1683 1496 detrimentum
1709 1460 1777 1496 ali-

86 1517 206 1562 quod,
232 1517 366 1562 ipsum
392 1517 574 1553 sentiret.
623 1517 729 1563 Ergo
757 1518 832 1554 etc.

227 1577 259 1611 7.
285 1575 386 1612 Item
412 1577 454 1612 in
480 1577 734 1613 naturalibus
755 1577 883 1612 virtus
911 1577 1074 1622 agentis
1103 1578 1307 1613 excitatur
1334 1579 1375 1614 et
1400 1578 1507 1614 actio
1534 1578 1778 1615 fortificatur

87 1635 140 1671 ad
164 1635 445 1680 praesentiam
474 1635 669 1672 contrarii
703 1636 865 1672 modice
902 1636 1133 1678 excitantis,
1174 1636 1279 1672 sicut
1311 1637 1417 1683 ignis
1445 1646 1643 1682 aspersus
1670 1647 1779 1682 aqua

34 1705 69 1731 25
87 1693 232 1730 fortius
259 1694 374 1730 urit1.
423 1694 529 1740 Ergo
558 1695 593 1730 si
619 1694 756 1731 anima
781 1695 938 1740 appetit
964 1704 1113 1740 corpus
1142 1705 1261 1731 suum
1299 1696 1339 1731 et
1373 1696 1548 1741 percipit
1584 1696 1779 1741 quodam-

89 1754 210 1789 modo
238 1753 463 1798 appetitum
491 1754 609 1799 quasi
644 1753 887 1790 beatitudini
923 1754 1184 1796 contrarium,
1225 1764 1323 1800 ergo
1362 1754 1507 1791 fortius
1547 1755 1780 1792 movebitur

89 1812 141 1848 ad
168 1812 428 1855 contrarium,
456 1813 614 1849 scilicet
639 1813 690 1849 ad
717 1812 844 1848 finem
870 1822 988 1854 suum
1016 1814 1056 1848 et
1081 1813 1255 1857 percipit
1281 1813 1416 1858 ipsum
1442 1814 1681 1859 appetitum.
1732 1814 1780 1850 Et

89 1870 146 1907 ita
171 1881 255 1907 non
280 1871 527 1916 impedietur
552 1880 626 1917 per
652 1872 739 1908 hoc.

231 1931 263 1967 8.
289 1930 389 1967 Item
414 1931 626 1967 beatitudo
647 1941 731 1967 non
751 1931 921 1976 requirit
939 1933 952 1974 ΙΙ
971 1931 1049 1967 nisi
1075 1931 1163 1973 tria,
1190 1932 1366 1968 scilicet:
1393 1932 1637 1977 principium
1659 1932 1780 1968 effec-
1801 1935 1862 1968 fol.
1885 1935 1990 1967 30²·(1

38 2006 73 2032 30
90 1989 229 2032 tivum,
267 1990 476 2035 proprium
503 1990 732 2026 subiectum
760 1990 1040 2035 susceptivum
1074 1990 1342 2027 beatitudinis
1375 1992 1416 2027 et
1451 1991 1658 2028 obiectum
1697 2001 1779 2028 mo-

91 2049 229 2085 tivum.
281 2049 322 2086 Si
348 2059 447 2095 ergo
475 2059 624 2095 corpus
649 2049 972 2095 apprehenditur
997 2051 1039 2085 ut
1075 2049 1298 2086 conferens
1334 2050 1597 2087 beatitudini:
1633 2052 1704 2087 aut
1738 2052 1781 2087 ut

94 2108 330 2145 effectivum
366 2129 413 2133 —
451 2110 492 2145 et
528 2109 608 2146 hoc
642 2118 737 2150 non,
777 2109 872 2154 quia
908 2109 1020 2145 solus
1053 2108 1165 2145 Deus
1193 2110 1267 2145 est·
1284 2119 1411 2145 causa
1439 2109 1627 2146 efficiens
1654 2110 1781 2146 beati-

93 2168 262 2211 tudinis;
300 2168 399 2204 item
437 2178 515 2204 nec
552 2169 722 2213 propter
759 2168 1000 2209 subiectum,
1040 2167 1135 2213 quia
1168 2168 1258 2204 sola
1295 2168 1433 2204 anima
1460 2170 1525 2205 est
1551 2169 1780 2205 subiectum

93 2227 359 2264 beatitudinis
368 2235 376 2270 ;
414 2227 513 2263 item
538 2237 618 2263 nec
642 2221 804 2263 ratione
832 2227 993 2269 obiecti,
1027 2227 1122 2271 quia
1148 2227 1245 2263 illud
1273 2228 1336 2263 est
1361 2236 1463 2272 pure
1490 2227 1779 2264 intellectuale.

43 2301 75 2327 35
94 2285 200 2332 Ergo
219 2286 330 2322 nullo
351 2286 473 2322 modo
495 2286 656 2322 confert
677 2295 826 2331 corpus
847 2285 1100 2321 beatitudini.
1138 2285 1186 2321 Et
1210 2286 1267 2321 ita
1286 2295 1366 2322 nec
1386 2286 1592 2331 appetitur
1611 2288 1781 2331 propter

95 2344 360 2381 beatitudinis
388 2345 743 2389 complementum.

235 2404 268 2439 9.
293 2403 395 2439 Item
420 2403 558 2440 anima
584 2404 777 2448 separata
803 2403 951 2440 clarius
972 2403 1084 2439 videt
1110 2412 1231 2448 quam
1259 2403 1479 2439 coniuncta
1506 2403 1668 2448 corpori
1695 2413 1781 2439 cor—

96 2462 312 2507 ruptibiliss.
364 2461 467 2502 Quia
492 2462 615 2498 video
643 2463 753 2507 quod
779 2462 916 2498 anima
942 2462 983 2498 in
1011 2471 1185 2506 corpore
1213 2462 1418 2506 duplicem
1449 2463 1575 2498 habet
1610 2463 1745 2498 actum
1756 2465 1780 2502 3,

99 2521 255 2557 scilicet
292 2523 428 2557 actum
467 2521 673 2557 sentiendi
711 2523 751 2557 et
789 2523 923 2557 actum
962 2520 1214 2565 perficiendi.
1273 2520 1354 2556 Sed
1390 2521 1527 2557 anima
1563 2521 1782 2557 coniuncta

45 2595 80 2621 40
100 2580 263 2625 corpori
297 2580 547 2625 corruptibili
583 2580 763 2616 alienata
800 2580 851 2615 ab
890 2580 983 2615 actu
1011 2579 1218 2615 sentiendi
1252 2580 1391 2624 potest
1423 2579 1566 2615 videre
1603 2578 1782 2614 divinam

101 2639 338 2681 essentiam,
365 2640 406 2675 et
431 2648 514 2674 non
541 2638 621 2674 nisi
646 2638 826 2674 alienata
843 2630 903 2673 'ab
930 2639 1024 2673 actu
1050 2637 1268 2673 sentiendi.
1317 2637 1423 2683 Ergo
1451 2647 1542 2673 cum
1563 2637 1782 2673 coniuncta

101 2698 264 2743 corpori
288 2697 584 2742 incorruptibili
610 2697 798 2733 habitura
833 2697 885 2732 sit
920 2697 1054 2732 actum
1091 2696 1309 2738 sentiendi,
1345 2696 1502 2732 videbit
1532 2696 1664 2732 Deum
1691 2705 1782 2731 cum

101 2756 405 2802 impedimento,
431 2756 499 2792 vel
526 2756 671 2792 saltem
698 2755 846 2791 clarius
872 2755 1027 2791 videbit
1053 2755 1247 2799 separata
1273 2764 1395 2799 quam
1422 2755 1651 2790 coniuncta.

243 2855 286 2887 14
312 2853 462 2893 tantum]
488 2855 608 2887 autem
729 2853 769 2885 21
799 2852 1015 2891 detrimenti]
1042 2852 1294 2885 detrimentum
1415 2852 1456 2884 31
1486 2850 1782 2892 apprehenditur]

104 2898 299 2955 affpeditur

245 2995 257 3018 ¹
283 2997 411 3036 Mayn.
437 2995 573 3030 Moral.
599 2995 637 3035 ΙΙ,
666 2996 725 3034 11;
751 2995 804 3028 De
827 2994 968 3027 Anima
991 2994 1030 3033 II,
1058 2994 1088 3026 4.

245 3047 259 3070 '2
284 3049 528 3088 Avicenna‚
562 3048 614 3081 VI.
642 3048 726 3085 Nat.
753 3047 776 3087 Ι,
804 3048 834 3080 6.
977 3046 992 3068 3
1017 3046 1087 3079 Cir.
1116 3046 1286 3084 Bonav.,
1316 3045 1382 3086 Op.
1410 3053 1509 3077 omn.
1535 3044 1574 3083 II,
1602 3044 1717 3076 6221).

1600 3102 1647 3137 7.
