2095 3459
776 223 949 260 Quaestio
977 225 1061 257 xlv.
1702 225 1761 258 131

226 320 287 356 Ad
302 321 546 366 argumenta
562 320 601 356 in
614 321 772 365 partem
788 322 1034 361 contrariam
1055 322 1203 358 aducta
1218 322 1458 364 <dicendum
1476 323 1607 367 quod>
1623 332 1768 359 conce-

86 380 125 417 di
144 381 319 425 possunt
340 379 526 424 exceptis
554 379 642 419 illis.
670 389 775 424 quae
804 380 947 416 falsum
980 381 1236 421 concludunt.
1265 381 1369 417 sicut
1393 382 1530 418 omnia
1550 382 1627 421 illa.
1662 392 1766 427 quae

87 440 262 485 probant
297 439 537 475 naturaliter
573 439 652 475 duo
689 449 864 484 corpora
901 449 995 476 esse
1033 440 1071 476 in
1108 441 1253 476 eodem
1292 441 1393 476 loco.
1444 441 1531 477 Hoc
1567 442 1676 478 enim
1705 444 1768 478 est

87 499 230 535 contra
256 498 567 543 philosophiam,
596 498 690 543 quia
717 500 860 534 contra
894 501 1096 544 ponentes
1131 499 1308 535 animam
1337 508 1431 535 esse
1459 509 1608 545 corpus
1635 501 1767 546 arguit

52 565 68 590 5
86 557 444 602 Philosophusl
472 567 545 602 pro
566 559 752 594 extremo
780 558 1086 594 inconvenienti
1114 558 1193 594 duo
1228 568 1403 603 corpora
1430 568 1526 595 esse
1553 559 1591 595 in
1621 560 1766 595 eodem

87 618 189 654 loco.
239 617 338 653 Item
366 617 442 652 hoc
471 617 534 652 est
561 618 704 653 contra
739 617 955 663 theologos
993 618 1195 657 doctores.
1233 619 1276 653 ut
1302 627 1427 663 supra
1460 620 1573 663 patet
1601 628 1652 654 ex
1680 618 1768 654 Da—

87 685 330 713 masceno.

226 735 274 771 Et
298 735 392 771 ideo
421 735 638 771 dicendum
665 735 717 771 ad
743 736 933 771 sextum2
960 736 1067 781 quod
1095 735 1246 772 ferrum
1275 745 1370 772 esse
1397 736 1566 782 ignitum
1594 746 1676 773 non
1705 738 1769 773 est

88 795 197 831 aliud
223 804 344 840 quam
370 794 503 839 ipsum
531 803 625 830 esse
652 794 702 829 ab
723 794 817 839 igne
839 794 1109 830 vehementer
1130 795 1359 834 alteratum,
1386 794 1491 831 sicut
1517 795 1640 832 etiam
1661 805 1769 841 aqua

38 862 69 886 ιο
88 863 251 899 semper
275 853 434 890 fervida
460 852 611 899 ignitur
638 862 711 889 suo
738 853 870 889 modo.
921 853 1039 889 Unde
1072 863 1155 889 non
1183 855 1246 889 est
1279 853 1318 889 in
1359 854 1589 890 substantia
1616 849 1769 891 terreni

86 913 204 959 ignis,
231 913 307 950 sed
332 913 505 949 intentio
532 912 630 953 eius,
656 912 737 948 nisi
760 911 865 948 forte
893 912 944 948 sit
970 912 1009 948 in
1036 913 1171 957 aliquo
1199 922 1300 958 puro
1328 913 1394 948 vel
1419 912 1533 949 rIma.

228 972 290 1008 Ad
328 972 573 1017 septimum3
605 971 821 1008 dicendum
857 972 964 1017 quod
998 971 1163 1008 flamma
1196 973 1321 1008 carbo
1362 972 1402 1007 et
1439 972 1510 1007 lux
1549 974 1643 1009 sunt
1683 974 1767 1009 tres

89 1032 250 1077 species
276 1031 382 1077 ignis
409 1031 636 1068 secundum
662 1030 1011 1076 Philosophum
1026 1034 1050 1067 ⁴.
1100 1031 1218 1067 Unde
1243 1031 1378 1067 fumus
1406 1032 1702 1068 transmutatur
1728 1032 1768 1068 in

89 1091 294 1127 flammam
333 1100 411 1127 nec
445 1091 585 1127 manet
618 1090 763 1126 fumus.
815 1089 1005 1126 Similiter
1041 1090 1130 1126 dico
1159 1090 1268 1135 quod
1295 1090 1448 1136 lignum
1475 1092 1769 1127 transmutatur

39 1151 130 1186 15in
166 1151 387 1187 carbonem
422 1159 501 1186 nec
535 1150 675 1185 manet
708 1149 872 1195 lignum,
909 1159 986 1185 nec
1021 1150 1118 1194 puto
1156 1150 1378 1185 carbonem
1412 1150 1637 1186 extinctum
1672 1160 1768 1186 esse

92 1210 277 1247 eiusdem
305 1208 461 1254 speciei
487 1218 578 1245 cum
605 1209 784 1245 carbone
811 1208 950 1254 ignito.

229 1269 291 1305 Ad
318 1268 481 1305 obiecta
507 1268 558 1304 de
584 1268 778 1304 alimento
800 1267 864 1313 (8.)
892 1267 1108 1304 dicendum
1136 1268 1246 1312 quod
1272 1268 1510 1304 alimentum
1530 1278 1613 1304 non
1632 1270 1771 1305 manet

92 1338 240 1373 corpus
273 1327 447 1364 divisum
480 1327 532 1363 ab
571 1328 691 1363 aucto
718 1327 981 1374 veLnutrito,
1019 1327 1142 1363 immo
1175 1326 1220 1362 fit
1259 1336 1359 1363 vere
1391 1335 1516 1363 unum
1550 1336 1641 1363 cum
1667 1328 1770 1372 ipso,

92 1387 308 1424 confusum
333 1387 374 1423 in
402 1387 576 1423 eandem
603 1386 826 1428 materiam,
860 1386 964 1422 sicut
990 1386 1183 1422 uniuntur
1208 1386 1386 1422 invicem
1412 1395 1521 1431 aqua
1554 1387 1594 1422 et
1620 1386 1770 1423 vinum.

40 1457 74 1482 «ιο
93 1446 197 1487 Quia
221 1447 359 1482 autem
386 1445 445 1482 sic
472 1455 646 1491 corpora
671 1445 873 1487 uniuntur,
900 1446 944 1481 ut
967 1445 1070 1481 fiant
1100 1455 1236 1487 unum,
1264 1455 1347 1481 non
1381 1446 1445 1481 est
1470 1445 1770 1481 inconveniens

93 1515 143 1542 ea
163 1514 260 1541 esse
286 1505 328 1541 in
355 1505 503 1541 eodem
528 1504 620 1541 loco
649 1504 778 1541 simul.

231 1564 480 1609 Respondeo
507 1563 559 1600 ad
593 1563 797 1600 obiectum
824 1563 888 1609 (9.)
927 1564 978 1599 de
1013 1572 1169 1609 vapore
1209 1564 1250 1599 et
1287 1572 1406 1608 aqua,
1445 1562 1639 1608 quoniam
1678 1564 1773 1599 sunt

93 1633 219 1660 unum
245 1632 394 1669 corpus
421 1622 647 1665 confusum,
673 1622 768 1659 licet
794 1632 924 1668 vapor
951 1622 1185 1668 egrediatur
1211 1622 1471 1667 superficiem
1500 1631 1646 1667 aquae.
1689 1622 1774 1659 Nec

94 1683 230 1719 obstat
257 1683 365 1728 quod
398 1691 506 1728 aqua
531 1681 705 1727 quiescit
729 1683 770 1718 et
799 1691 929 1727 vapor
955 1681 1152 1724 ascendit,
1184 1681 1377 1727 quoniam
1403 1681 1592 1717 videmus
1624 1691 1772 1726 aquam

40 1751 74 1777 25
92 1741 289 1778 fluentem
316 1742 367 1778 de
393 1741 496 1778 mari
521 1741 562 1777 in
593 1741 727 1777 lacum
761 1742 801 1777 et
827 1741 1112 1786 quiescentem
1137 1741 1226 1783 <in>
1251 1741 1344 1777 lacu
1369 1740 1528 1777 moveri
1554 1743 1676 1785 <per>
1702 1739 1773 1776 flu-

92 1801 202 1837 vium
229 1800 489 1837 coniunctum
509 1800 550 1836 in
572 1801 719 1837 eadem
739 1799 959 1845 superficie
981 1809 1072 1836 cum
1090 1800 1193 1836 lacu.
1234 1799 1349 1841 Quae
1369 1800 1509 1835 tamen
1530 1799 1772 1844 superficies

93 1869 176 1895 non
201 1859 341 1896 manet
365 1869 456 1902 una,
483 1859 557 1896 sed
578 1859 849 1905 generatione
869 1860 910 1895 et
928 1858 1190 1904 corruptione
1212 1859 1441 1895 secundum
1462 1859 1617 1895 motum
1637 1867 1771 1903 aquae

96 1918 289 1955 continue
316 1918 546 1955 innovatur.

232 1977 295 2013 Ad
322 1977 526 2013 obiectum
553 1977 641 2023 (10.)
668 1978 719 2014 de
746 1979 871 2014 vento
899 1977 1117 2015 dicendum
1152 1977 1261 2022 quod
1288 1977 1427 2021 partes
1461 1976 1613 2012 cedunt
1647 1976 1772 2012 vento

42 2052 75 2077 30
94 2037 191 2072 aere
219 2036 405 2073 densato.

232 2095 295 2131 Ad
322 2095 527 2132 obiectum
553 2095 640 2141 (11.)
667 2095 718 2132 de
745 2095 1011 2132 miscibilibus
1038 2095 1079 2131 in
1105 2094 1233 2130 mixto
1255 2094 1485 2135 dicendum,
1507 2094 1616 2138 quod
1643 2093 1774 2130 misci-

94 2154 190 2190 bilia
214 2163 298 2190 non
324 2155 418 2190 sunt
444 2154 499 2190 ibi
524 2154 566 2190 in
593 2154 732 2199 specie
761 2164 845 2195 sua,
874 2155 948 2190 sed
977 2154 1072 2190 sunt
1090 2153 1146 2189 ibi
1165 2153 1448 2189 transmutata.
1499 2152 1645 2189 Forma
1666 2152 1774 2188 enim

95 2212 209 2248 mixti
236 2213 299 2249 est
323 2212 455 2249 forma
481 2213 760 2249 substantialis
789 2213 973 2258 corporis
1005 2212 1252 2248 elementati.
1303 2211 1458 2247 Dicitur
1491 2211 1599 2247 enim
1631 2211 1773 2247 mixtio

95 2271 336 2308 miscibilum
350 2272 571 2308 alterorum
592 2272 700 2314 unio,
720 2272 835 2308 iuxta
855 2272 963 2317 quod
985 2271 1199 2317 generatio
1222 2270 1367 2306 dicitur
1380 2280 1462 2306 uno
1483 2270 1606 2306 modo
1627 2270 1774 2311 motus,

44 2350 78 2376 35
96 2330 175 2367 alio
203 2331 324 2366 modo
352 2331 532 2366 mutatio.
582 2331 817 2367 Alterantur
842 2330 963 2376 igitur
997 2329 1213 2366 miscibilia
1237 2338 1311 2374 per
1343 2330 1497 2365 motum
1523 2329 1775 2373 praeceden-

96 2390 179 2425 tem
200 2389 444 2434 completam
459 2389 699 2426 mixtionem
720 2391 761 2426 et
779 2390 821 2426 in
840 2390 931 2435 ipsa
952 2388 1229 2425 essentialiter
1248 2388 1629 2429 transmuta<n>tur.
1656 2386 1774 2423 Unde

97 2448 219 2484 etiam
245 2448 296 2484 de
322 2448 591 2493 unoquolibet
617 2449 913 2485 elementorum
939 2448 1076 2493 potest
1097 2446 1216 2483 educi
1236 2446 1368 2482 forma
1393 2445 1519 2482 mixti.
1563 2445 1776 2482 Miscibilia

97 2516 196 2553 ergo
222 2507 263 2543 in
290 2507 416 2543 mixto
453 2508 621 2543 manent
656 2517 804 2553 corpus
841 2516 976 2548 unum,
1016 2507 1057 2542 et
1094 2516 1177 2542 non
1216 2505 1386 2541 manent
1420 2513 1595 2549 corpora
1633 2504 1773 2549 specie

98 2565 272 2602 diversa.
322 2565 518 2602 Dicuntur
545 2566 667 2603 etiam
701 2565 918 2602 miscibilia
955 2574 1050 2601 esse
1086 2565 1128 2601 in
1153 2564 1281 2600 mixto
1308 2564 1349 2599 in
1375 2562 1561 2608 potentia
1587 2562 1775 2599 acciden-

46 2644 80 2669 40
97 2624 179 2666 tali,
214 2634 297 2661 non
332 2624 427 2670 quia
460 2624 592 2661 forma
621 2625 736 2661 mixti
761 2634 786 2661 a
810 2624 942 2661 forma
969 2623 1209 2660 elementari
1235 2622 1398 2658 differat
1424 2622 1513 2658 solo
1547 2621 1773 2662 accidente,

237 2733 257 2766 2
284 2733 457 2774 possunt]¹
487 2735 639 2774 possent
753 2733 772 2765 3
804 2732 897 2771 loco]
934 2732 1096 2765 Additur
1125 2732 1166 2764 in
1198 2732 1373 2772 maraine
1403 2731 1534 2771 glossa
1572 2730 1772 2772 quaedam,

100 2794 196 2827 quae
222 2786 294 2827 leui
314 2787 444 2827 nequit
534 2787 575 2819 12
602 2785 807 2828 septimum]
837 2785 874 2824 -i-
904 2786 940 2818 et
965 2786 1133 2818 octavum
1230 2784 1276 2829 234
1299 2784 1383 2816 licet
1408 2782 1538 2824 vapor]
1565 2783 1650 2816 dicit
1676 2792 1773 2823 aqua

101 2839 143 2871 33
169 2838 277 2878 enim]
303 2840 422 2872 autem

239 2945 251 2967 1
277 2946 329 2978 De
353 2946 493 2979 Anima
517 2946 555 2984 ΙΙ,
584 2947 602 2978 7
630 2946 731 2985 (text.
761 2944 836 2984 69);
864 2945 926 2978 cir.
953 2945 1062 2984 Phys.
1089 2943 1145 2982 IV,
1173 2944 1203 2982 1,
1232 2944 1262 2991 5,
1290 2944 1308 2975 7
1336 2941 1439 2982 (text.
1467 2943 1498 2980 8.
1526 2943 1579 2981 47,
1607 2940 1683 2980 63);
1724 2942 1774 2974 De

102 2998 212 3031 Caelo
237 3000 272 3031 et
295 2998 439 3032 Mundo
464 2999 518 3038 111,
546 2999 565 3031 6
592 2997 695 3038 (text.
723 2997 797 3038 54);
823 2998 876 3030 De
903 2998 988 3030 Gen.
1015 2998 1050 3029 et
1076 2996 1177 3028 Corr.
1206 2996 1227 3033 Ι,
1257 2997 1275 3027 5
1303 2994 1405 3034 (text.
1433 2995 1487 3032 32,
1515 2993 1585 3033 35).

238 3050 253 3073 ²
279 3050 396 3092 Supra
420 3060 505 3093 pag.
533 3052 597 3084 123
624 3052 650 3083 Β
677 3052 707 3084 6.

239 3103 254 3126 3
279 3104 396 3144 Supra
421 3113 455 3145 p.
484 3104 547 3137 123
574 3105 600 3136 Β
628 3104 658 3137 8.
753 3100 756 3103 ’
799 3103 813 3125 ⁴
843 3103 927 3144 Top.
954 3102 994 3140 V,
1023 3104 1052 3134 5.
