<?xml version="1.0" encoding="UTF-8"?>
<!DOCTYPE html PUBLIC "-//W3C//DTD XHTML 1.0 Transitional//EN"
    "http://www.w3.org/TR/xhtml1/DTD/xhtml1-transitional.dtd">
<html xmlns="http://www.w3.org/1999/xhtml" xml:lang="en" lang="en">
 <head>
  <title>
</title>
<meta http-equiv="Content-Type" content="text/html;charset=utf-8" />
  <meta name='ocr-system' content='tesseract 3.04.00' />
  <meta name='ocr-capabilities' content='ocr_page ocr_carea ocr_par ocr_line ocrx_word'/>
</head>
<body>
  <div class='ocr_page' id='page_1' title='image "./johannispechamiq00peck/johannispechamiq00peck_0217.png"; bbox 0 0 2095 3459; ppageno 0'>
   <div class='ocr_carea' id='block_1_1' title="bbox 834 198 1813 236">
    <p class='ocr_par' dir='ltr' id='par_1_1' title="bbox 834 198 1813 236">
     <span class='ocr_line' id='line_1_1' title="bbox 834 198 1813 236; baseline 0.001 -5"><span class='ocrx_word' id='word_1_1' title='bbox 834 200 1007 236; x_wconf 74' lang='lat' dir='ltr'>Quaestio</span> <span class='ocrx_word' id='word_1_2' title='bbox 1034 201 1119 233; x_wconf 78' lang='lat' dir='ltr'>XXI.</span> <span class='ocrx_word' id='word_1_3' title='bbox 1749 198 1813 233; x_wconf 88' lang='grc'>173</span> 
     </span>
    </p>
   </div>
   <div class='ocr_carea' id='block_1_2' title="bbox 313 308 2004 354">
    <p class='ocr_par' dir='ltr' id='par_1_2' title="bbox 313 308 2004 354">
     <span class='ocr_line' id='line_1_2' title="bbox 313 308 2004 354; baseline 0.001 -11"><span class='ocrx_word' id='word_1_4' title='bbox 313 308 482 344; x_wconf 90' lang='lat' dir='ltr'>Solutlo</span> <span class='ocrx_word' id='word_1_5' title='bbox 511 309 795 344; x_wconf 86' lang='lat' dir='ltr'>obiectorum</span> <span class='ocrx_word' id='word_1_6' title='bbox 824 309 1128 353; x_wconf 83' lang='lat' dir='ltr'>&lt;quaestionis</span> <span class='ocrx_word' id='word_1_7' title='bbox 1155 309 1404 345; x_wconf 78' lang='lat' dir='ltr'>vicesimae</span> <span class='ocrx_word' id='word_1_8' title='bbox 1432 310 1643 354; x_wconf 83' lang='lat' dir='ltr'>primae&gt;.</span> <span class='ocrx_word' id='word_1_9' title='bbox 1839 309 1886 345; x_wconf 93' lang='lat' dir='ltr'>D.</span> <span class='ocrx_word' id='word_1_10' title='bbox 1901 309 2004 345; x_wconf 91' lang='lat' dir='ltr'>XXI.</span> 
     </span>
    </p>
   </div>
   <div class='ocr_carea' id='block_1_3' title="bbox 86 391 2022 2985">
    <p class='ocr_par' dir='ltr' id='par_1_3' title="bbox 142 391 1815 556">
     <span class='ocr_line' id='line_1_3' title="bbox 282 391 1814 437; baseline 0.001 -11"><span class='ocrx_word' id='word_1_11' title='bbox 282 393 311 426; x_wconf 93' lang='lat'>1.</span> <span class='ocrx_word' id='word_1_12' title='bbox 338 391 399 427; x_wconf 77' lang='lat' dir='ltr'>Ad</span> <span class='ocrx_word' id='word_1_13' title='bbox 427 392 598 436; x_wconf 89' lang='lat' dir='ltr'>primum</span> <span class='ocrx_word' id='word_1_14' title='bbox 626 392 663 426; x_wconf 92' lang='lat' dir='ltr'>in</span> <span class='ocrx_word' id='word_1_15' title='bbox 693 392 936 427; x_wconf 88' lang='lat' dir='ltr'>contrarium</span> <span class='ocrx_word' id='word_1_16' title='bbox 967 392 1183 428; x_wconf 87' lang='lat' dir='ltr'>dicendum</span> <span class='ocrx_word' id='word_1_17' title='bbox 1211 393 1317 437; x_wconf 89' lang='lat' dir='ltr'>quod</span> <span class='ocrx_word' id='word_1_18' title='bbox 1347 402 1467 428; x_wconf 88' lang='lat' dir='ltr'>omne</span> <span class='ocrx_word' id='word_1_19' title='bbox 1504 402 1654 428; x_wconf 87' lang='lat' dir='ltr'>nomen</span> <span class='ocrx_word' id='word_1_20' title='bbox 1691 402 1814 437; x_wconf 91' lang='lat' dir='ltr'>quan-</span> 
     </span>
     <span class='ocr_line' id='line_1_4' title="bbox 142 450 1811 496; baseline 0.001 -11"><span class='ocrx_word' id='word_1_21' title='bbox 142 452 400 495; x_wconf 88' lang='lat' dir='ltr'>tamcumque</span> <span class='ocrx_word' id='word_1_22' title='bbox 428 450 724 495; x_wconf 75' lang='lat' dir='ltr'>perfectionem</span> <span class='ocrx_word' id='word_1_23' title='bbox 752 450 955 496; x_wconf 87' lang='lat' dir='ltr'>significat</span> <span class='ocrx_word' id='word_1_24' title='bbox 988 453 1027 487; x_wconf 87' lang='lat' dir='ltr'>et</span> <span class='ocrx_word' id='word_1_25' title='bbox 1063 453 1433 496; x_wconf 88' lang='lat' dir='ltr'>quantumcumque</span> <span class='ocrx_word' id='word_1_26' title='bbox 1469 452 1722 488; x_wconf 81' lang='lat' dir='ltr'>transcendit</span> <span class='ocrx_word' id='word_1_27' title='bbox 1758 452 1811 487; x_wconf 93' lang='lat' dir='ltr'>in-</span> 
     </span>
     <span class='ocr_line' id='line_1_5' title="bbox 143 510 1815 556; baseline 0.001 -11"><span class='ocrx_word' id='word_1_28' title='bbox 143 510 359 551; x_wconf 86' lang='lat' dir='ltr'>tellectum,</span> <span class='ocrx_word' id='word_1_29' title='bbox 380 511 541 552; x_wconf 87' lang='lat' dir='ltr'>&lt;tamen</span> <span class='ocrx_word' id='word_1_30' title='bbox 564 510 657 551; x_wconf 88' lang='lat' dir='ltr'>sic&gt;‚</span> <span class='ocrx_word' id='word_1_31' title='bbox 685 510 728 545; x_wconf 91' lang='lat' dir='ltr'>ut</span> <span class='ocrx_word' id='word_1_32' title='bbox 754 510 874 546; x_wconf 89' lang='lat' dir='ltr'>cadat</span> <span class='ocrx_word' id='word_1_33' title='bbox 899 510 938 545; x_wconf 94' lang='lat' dir='ltr'>in</span> <span class='ocrx_word' id='word_1_34' title='bbox 966 511 1209 555; x_wconf 84' lang='lat' dir='ltr'>conceptum</span> <span class='ocrx_word' id='word_1_35' title='bbox 1236 510 1395 552; x_wconf 89' lang='lat' dir='ltr'>mentis,</span> <span class='ocrx_word' id='word_1_36' title='bbox 1426 513 1466 546; x_wconf 92' lang='lat' dir='ltr'>et</span> <span class='ocrx_word' id='word_1_37' title='bbox 1492 511 1585 546; x_wconf 92' lang='lat' dir='ltr'>ideo</span> <span class='ocrx_word' id='word_1_38' title='bbox 1612 510 1815 556; x_wconf 87' lang='lat' dir='ltr'>significat</span> 
     </span>
    </p>

    <p class='ocr_par' dir='ltr' id='par_1_4' title="bbox 108 568 1814 851">
     <span class='ocr_line' id='line_1_6' title="bbox 108 568 1812 614; baseline 0.001 -10"><span class='ocrx_word' id='word_1_39' title='bbox 108 574 124 598; x_wconf 86' lang='lat'><strong>⁵</strong></span> <span class='ocrx_word' id='word_1_40' title='bbox 144 568 440 613; x_wconf 84' lang='lat' dir='ltr'>perfectionem</span> <span class='ocrx_word' id='word_1_41' title='bbox 468 569 590 604; x_wconf 90' lang='lat' dir='ltr'>modo</span> <span class='ocrx_word' id='word_1_42' title='bbox 618 569 733 604; x_wconf 80' lang='lat' dir='ltr'>finito</span> <span class='ocrx_word' id='word_1_43' title='bbox 762 570 801 605; x_wconf 88' lang='lat' dir='ltr'>ct</span> <span class='ocrx_word' id='word_1_44' title='bbox 827 569 1008 605; x_wconf 88' lang='lat' dir='ltr'>limitato.</span> <span class='ocrx_word' id='word_1_45' title='bbox 1058 569 1106 605; x_wconf 88' lang='lat' dir='ltr'>Et</span> <span class='ocrx_word' id='word_1_46' title='bbox 1131 570 1181 605; x_wconf 89' lang='lat' dir='ltr'>ad</span> <span class='ocrx_word' id='word_1_47' title='bbox 1208 570 1286 605; x_wconf 87' lang='lat' dir='ltr'>hoc</span> <span class='ocrx_word' id='word_1_48' title='bbox 1313 570 1518 614; x_wconf 81' lang='lat' dir='ltr'>aspiciens</span> <span class='ocrx_word' id='word_1_49' title='bbox 1546 570 1812 614; x_wconf 88' lang='lat' dir='ltr'>Dionysius</span> 
     </span>
     <span class='ocr_line' id='line_1_7' title="bbox 140 628 1812 674; baseline 0.001 -11"><span class='ocrx_word' id='word_1_50' title='bbox 140 629 265 673; x_wconf 80' lang='lat' dir='ltr'>negat</span> <span class='ocrx_word' id='word_1_51' title='bbox 285 628 422 664; x_wconf 86' lang='lat' dir='ltr'>omnia</span> <span class='ocrx_word' id='word_1_52' title='bbox 443 629 494 664; x_wconf 90' lang='lat' dir='ltr'>dc</span> <span class='ocrx_word' id='word_1_53' title='bbox 515 628 615 669; x_wconf 90' lang='lat' dir='ltr'>Deo,</span> <span class='ocrx_word' id='word_1_54' title='bbox 643 628 785 664; x_wconf 88' lang='lat' dir='ltr'>dicens</span> <span class='ocrx_word' id='word_1_55' title='bbox 812 629 943 673; x_wconf 90' lang='lat' dir='ltr'>ipsum</span> <span class='ocrx_word' id='word_1_56' title='bbox 972 638 1221 673; x_wconf 88' lang='lat' dir='ltr'>superunum</span> <span class='ocrx_word' id='word_1_57' title='bbox 1249 630 1288 664; x_wconf 93' lang='lat' dir='ltr'>et</span> <span class='ocrx_word' id='word_1_58' title='bbox 1315 630 1603 674; x_wconf 90' lang='lat' dir='ltr'>superbonum.</span> <span class='ocrx_word' id='word_1_59' title='bbox 1647 628 1694 664; x_wconf 92' lang='lat' dir='ltr'>Et</span> <span class='ocrx_word' id='word_1_60' title='bbox 1719 629 1812 664; x_wconf 91' lang='lat' dir='ltr'>ideo</span> 
     </span>
     <span class='ocr_line' id='line_1_8' title="bbox 139 686 1814 732; baseline 0.001 -10"><span class='ocrx_word' id='word_1_61' title='bbox 139 686 237 722; x_wconf 91' lang='lat' dir='ltr'>dicit</span> <span class='ocrx_word' id='word_1_62' title='bbox 275 687 324 722; x_wconf 91' lang='lat' dir='ltr'>II.</span> <span class='ocrx_word' id='word_1_63' title='bbox 352 687 576 731; x_wconf 69' lang='lat' dir='ltr'>Anyelicae</span> <span class='ocrx_word' id='word_1_64' title='bbox 602 687 902 723; x_wconf 70' lang='lat' dir='ltr'>Hierarelziael</span> <span class='ocrx_word' id='word_1_65' title='bbox 942 689 1072 732; x_wconf 84' lang='lat' dir='ltr'>„quod</span> <span class='ocrx_word' id='word_1_66' title='bbox 1110 687 1408 724; x_wconf 80' lang='lat' dir='ltr'>affirmationes</span> <span class='ocrx_word' id='word_1_67' title='bbox 1435 689 1485 724; x_wconf 95' lang='lat' dir='ltr'>de</span> <span class='ocrx_word' id='word_1_68' title='bbox 1512 688 1599 724; x_wconf 90' lang='lat' dir='ltr'>Deo</span> <span class='ocrx_word' id='word_1_69' title='bbox 1633 689 1727 724; x_wconf 87' lang='lat' dir='ltr'>sunt</span> <span class='ocrx_word' id='word_1_70' title='bbox 1760 688 1814 723; x_wconf 91' lang='lat' dir='ltr'>in-</span> 
     </span>
     <span class='ocr_line' id='line_1_9' title="bbox 139 746 1814 792; baseline 0 -10"><span class='ocrx_word' id='word_1_71' title='bbox 139 747 421 791; x_wconf 90' lang='lat' dir='ltr'>compunctae,</span> <span class='ocrx_word' id='word_1_72' title='bbox 448 746 471 782; x_wconf 90' lang='lat' dir='ltr'>i.</span> <span class='ocrx_word' id='word_1_73' title='bbox 492 755 527 782; x_wconf 91' lang='lat' dir='ltr'>e.</span> <span class='ocrx_word' id='word_1_74' title='bbox 548 756 630 782; x_wconf 89' lang='lat' dir='ltr'>non</span> <span class='ocrx_word' id='word_1_75' title='bbox 652 747 937 788; x_wconf 87' lang='lat' dir='ltr'>cohaerentes,</span> <span class='ocrx_word' id='word_1_76' title='bbox 964 747 1210 792; x_wconf 83' lang='lat' dir='ltr'>negationes</span> <span class='ocrx_word' id='word_1_77' title='bbox 1231 756 1330 783; x_wconf 89' lang='lat' dir='ltr'>vero</span> <span class='ocrx_word' id='word_1_78' title='bbox 1350 747 1574 792; x_wconf 86' lang='lat' dir='ltr'>propriae.“</span> <span class='ocrx_word' id='word_1_79' title='bbox 1612 746 1660 782; x_wconf 93' lang='lat' dir='ltr'>Et</span> <span class='ocrx_word' id='word_1_80' title='bbox 1677 748 1814 783; x_wconf 87' lang='lat' dir='ltr'>tamen</span> 
     </span>
     <span class='ocr_line' id='line_1_10' title="bbox 139 805 1813 851; baseline 0.001 -10"><span class='ocrx_word' id='word_1_81' title='bbox 139 806 365 841; x_wconf 90' lang='lat' dir='ltr'>secundum</span> <span class='ocrx_word' id='word_1_82' title='bbox 392 805 494 841; x_wconf 89' lang='lat' dir='ltr'>alias</span> <span class='ocrx_word' id='word_1_83' title='bbox 521 806 609 841; x_wconf 88' lang='lat' dir='ltr'>vias</span> <span class='ocrx_word' id='word_1_84' title='bbox 637 806 871 841; x_wconf 90' lang='lat' dir='ltr'>sanctorum</span> <span class='ocrx_word' id='word_1_85' title='bbox 907 806 985 841; x_wconf 89' lang='lat' dir='ltr'>dici</span> <span class='ocrx_word' id='word_1_86' title='bbox 1020 808 1194 851; x_wconf 88' lang='lat' dir='ltr'>possunt</span> <span class='ocrx_word' id='word_1_87' title='bbox 1228 806 1612 847; x_wconf 87' lang='lat' dir='ltr'>circumscribendo,</span> <span class='ocrx_word' id='word_1_88' title='bbox 1650 806 1813 842; x_wconf 91' lang='lat' dir='ltr'>modum</span> 
     </span>
    </p>

    <p class='ocr_par' dir='ltr' id='par_1_5' title="bbox 88 864 1815 969">
     <span class='ocr_line' id='line_1_11' title="bbox 88 864 1815 910; baseline 0 -10"><span class='ocrx_word' id='word_1_89' title='bbox 88 869 120 893; x_wconf 89' lang='lat'>10</span> <span class='ocrx_word' id='word_1_90' title='bbox 139 864 422 910; x_wconf 91' lang='lat' dir='ltr'>imperfectum</span> <span class='ocrx_word' id='word_1_91' title='bbox 445 864 710 910; x_wconf 86' lang='lat' dir='ltr'>assignando.</span> <span class='ocrx_word' id='word_1_92' title='bbox 753 864 801 900; x_wconf 88' lang='lat' dir='ltr'>Et</span> <span class='ocrx_word' id='word_1_93' title='bbox 820 865 899 901; x_wconf 92' lang='lat' dir='ltr'>hoc</span> <span class='ocrx_word' id='word_1_94' title='bbox 920 865 1053 907; x_wconf 81' lang='lat' dir='ltr'>modo,</span> <span class='ocrx_word' id='word_1_95' title='bbox 1080 865 1275 910; x_wconf 89' lang='lat' dir='ltr'>quidquid</span> <span class='ocrx_word' id='word_1_96' title='bbox 1294 865 1591 910; x_wconf 80' lang='lat' dir='ltr'>perfectionem</span> <span class='ocrx_word' id='word_1_97' title='bbox 1612 865 1815 910; x_wconf 80' lang='lat' dir='ltr'>significat</span> 
     </span>
     <span class='ocr_line' id='line_1_12' title="bbox 137 923 1422 969; baseline 0.001 -10"><span class='ocrx_word' id='word_1_98' title='bbox 137 923 378 966; x_wconf 82' lang='lat' dir='ltr'>absolutam,</span> <span class='ocrx_word' id='word_1_99' title='bbox 405 923 540 959; x_wconf 89' lang='lat' dir='ltr'>altiori</span> <span class='ocrx_word' id='word_1_100' title='bbox 564 923 687 960; x_wconf 92' lang='lat' dir='ltr'>modo</span> <span class='ocrx_word' id='word_1_101' title='bbox 715 924 910 960; x_wconf 87' lang='lat' dir='ltr'>convenit</span> <span class='ocrx_word' id='word_1_102' title='bbox 934 923 1022 960; x_wconf 91' lang='lat' dir='ltr'>Deo</span> <span class='ocrx_word' id='word_1_103' title='bbox 1050 934 1171 969; x_wconf 92' lang='lat' dir='ltr'>quam</span> <span class='ocrx_word' id='word_1_104' title='bbox 1198 926 1422 961; x_wconf 86' lang='lat' dir='ltr'>creaturae.</span> 
     </span>
    </p>

    <p class='ocr_par' dir='ltr' id='par_1_6' title="bbox 137 982 2022 1087">
     <span class='ocr_line' id='line_1_13' title="bbox 278 982 2022 1029; baseline 0.001 -11"><span class='ocrx_word' id='word_1_105' title='bbox 278 983 311 1018; x_wconf 92' lang='grc'>2.</span> <span class='ocrx_word' id='word_1_106' title='bbox 336 982 400 1018; x_wconf 92' lang='lat' dir='ltr'>Ad</span> <span class='ocrx_word' id='word_1_107' title='bbox 417 985 430 1026; x_wconf 87' lang='grc'>11</span> <span class='ocrx_word' id='word_1_108' title='bbox 450 982 675 1019; x_wconf 90' lang='lat' dir='ltr'>secundum</span> <span class='ocrx_word' id='word_1_109' title='bbox 713 983 931 1019; x_wconf 91' lang='lat' dir='ltr'>dicendum</span> <span class='ocrx_word' id='word_1_110' title='bbox 969 984 1076 1028; x_wconf 90' lang='lat' dir='ltr'>quod</span> <span class='ocrx_word' id='word_1_111' title='bbox 1108 983 1219 1019; x_wconf 92' lang='lat' dir='ltr'>Deus</span> <span class='ocrx_word' id='word_1_112' title='bbox 1252 993 1335 1020; x_wconf 94' lang='lat' dir='ltr'>non</span> <span class='ocrx_word' id='word_1_113' title='bbox 1367 984 1517 1029; x_wconf 92' lang='lat' dir='ltr'>aliquid</span> <span class='ocrx_word' id='word_1_114' title='bbox 1549 983 1812 1020; x_wconf 83' lang='lat' dir='ltr'>existentium</span> <span class='ocrx_word' id='word_1_115' title='bbox 1833 983 1894 1015; x_wconf 86' lang='lat' dir='ltr'>rol.</span> <span class='ocrx_word' id='word_1_116' title='bbox 1921 983 2022 1015; x_wconf 83' lang='lat' dir='ltr'>36vb</span> 
     </span>
     <span class='ocr_line' id='line_1_14' title="bbox 137 1041 1503 1087; baseline 0.001 -10"><span class='ocrx_word' id='word_1_117' title='bbox 137 1041 454 1086; x_wconf 86' lang='lat' dir='ltr'>particularium,</span> <span class='ocrx_word' id='word_1_118' title='bbox 481 1042 556 1078; x_wconf 91' lang='lat' dir='ltr'>sed</span> <span class='ocrx_word' id='word_1_119' title='bbox 584 1042 649 1078; x_wconf 89' lang='lat' dir='ltr'>est</span> <span class='ocrx_word' id='word_1_120' title='bbox 674 1051 802 1079; x_wconf 90' lang='lat' dir='ltr'>causa</span> <span class='ocrx_word' id='word_1_121' title='bbox 829 1043 869 1078; x_wconf 92' lang='lat' dir='ltr'>et</span> <span class='ocrx_word' id='word_1_122' title='bbox 895 1043 1108 1087; x_wconf 87' lang='lat' dir='ltr'>exemplar</span> <span class='ocrx_word' id='word_1_123' title='bbox 1134 1043 1312 1079; x_wconf 92' lang='lat' dir='ltr'>omnium</span> <span class='ocrx_word' id='word_1_124' title='bbox 1339 1043 1503 1079; x_wconf 92' lang='lat' dir='ltr'>entium.</span> 
     </span>
    </p>

    <p class='ocr_par' dir='ltr' id='par_1_7' title="bbox 277 1100 1813 1147">
     <span class='ocr_line' id='line_1_15' title="bbox 277 1100 1813 1147; baseline 0 -10"><span class='ocrx_word' id='word_1_125' title='bbox 277 1102 310 1137; x_wconf 89' lang='lat'>3.</span> <span class='ocrx_word' id='word_1_126' title='bbox 336 1101 399 1137; x_wconf 92' lang='lat' dir='ltr'>Ad</span> <span class='ocrx_word' id='word_1_127' title='bbox 425 1101 589 1137; x_wconf 90' lang='lat' dir='ltr'>tertium</span> <span class='ocrx_word' id='word_1_128' title='bbox 616 1100 834 1138; x_wconf 90' lang='lat' dir='ltr'>dicendum</span> <span class='ocrx_word' id='word_1_129' title='bbox 861 1102 969 1146; x_wconf 88' lang='lat' dir='ltr'>quod</span> <span class='ocrx_word' id='word_1_130' title='bbox 994 1101 1125 1146; x_wconf 91' lang='lat' dir='ltr'>ipsum</span> <span class='ocrx_word' id='word_1_131' title='bbox 1152 1111 1243 1138; x_wconf 88' lang='lat' dir='ltr'>esse</span> <span class='ocrx_word' id='word_1_132' title='bbox 1271 1103 1334 1138; x_wconf 88' lang='lat' dir='ltr'>est</span> <span class='ocrx_word' id='word_1_133' title='bbox 1356 1102 1528 1147; x_wconf 90' lang='lat' dir='ltr'>primum</span> <span class='ocrx_word' id='word_1_134' title='bbox 1549 1103 1589 1138; x_wconf 86' lang='lat' dir='ltr'>et</span> <span class='ocrx_word' id='word_1_135' title='bbox 1607 1102 1813 1147; x_wconf 91' lang='lat' dir='ltr'>proprium</span> 
     </span>
    </p>

    <p class='ocr_par' dir='ltr' id='par_1_8' title="bbox 88 1153 1813 1269">
     <span class='ocr_line' id='line_1_16' title="bbox 88 1153 1813 1206; baseline 0 -10"><span class='ocrx_word' id='word_1_136' title='bbox 88 1162 120 1188; x_wconf 82' lang='lat'>15</span> <span class='ocrx_word' id='word_1_137' title='bbox 140 1160 345 1196; x_wconf 90' lang='lat' dir='ltr'>obiectum</span> <span class='ocrx_word' id='word_1_138' title='bbox 371 1160 615 1196; x_wconf 90' lang='lat' dir='ltr'>intellectus.</span> <span class='ocrx_word' id='word_1_139' title='bbox 665 1160 801 1206; x_wconf 91' lang='lat' dir='ltr'>Ipsum</span> <span class='ocrx_word' id='word_1_140' title='bbox 827 1161 965 1203; x_wconf 85' lang='lat' dir='ltr'>autem</span> <span class='ocrx_word' id='word_1_141' title='bbox 991 1170 1086 1197; x_wconf 88' lang='lat' dir='ltr'>esse</span> <span class='ocrx_word' id='word_1_142' title='bbox 1114 1162 1177 1197; x_wconf 89' lang='lat' dir='ltr'>est</span> <span class='ocrx_word' id='word_1_143' title='bbox 1202 1161 1417 1197; x_wconf 89' lang='lat' dir='ltr'>verissime</span> <span class='ocrx_word' id='word_1_144' title='bbox 1444 1161 1485 1197; x_wconf 90' lang='lat' dir='ltr'>in</span> <span class='ocrx_word' id='word_1_145' title='bbox 1504 1153 1604 1197; x_wconf 82' lang='lat' dir='ltr'>Deo.</span> <span class='ocrx_word' id='word_1_146' title='bbox 1647 1160 1695 1196; x_wconf 93' lang='lat' dir='ltr'>Et</span> <span class='ocrx_word' id='word_1_147' title='bbox 1719 1161 1813 1197; x_wconf 92' lang='lat' dir='ltr'>ideo</span> 
     </span>
     <span class='ocr_line' id='line_1_17' title="bbox 138 1219 1813 1269; baseline 0 -14"><span class='ocrx_word' id='word_1_148' title='bbox 138 1219 250 1256; x_wconf 88' lang='lat' dir='ltr'>Deus</span> <span class='ocrx_word' id='word_1_149' title='bbox 276 1219 327 1256; x_wconf 94' lang='lat' dir='ltr'>de</span> <span class='ocrx_word' id='word_1_150' title='bbox 354 1229 402 1256; x_wconf 88' lang='lat' dir='ltr'>se</span> <span class='ocrx_word' id='word_1_151' title='bbox 429 1220 493 1256; x_wconf 89' lang='lat' dir='ltr'>est</span> <span class='ocrx_word' id='word_1_152' title='bbox 511 1219 690 1255; x_wconf 86' lang='lat' dir='ltr'>maxime</span> <span class='ocrx_word' id='word_1_153' title='bbox 710 1219 986 1266; x_wconf 83' lang='lat' dir='ltr'>intelligibilis,</span> <span class='ocrx_word' id='word_1_154' title='bbox 1014 1220 1198 1265; x_wconf 88' lang='lat' dir='ltr'>quamvis</span> <span class='ocrx_word' id='word_1_155' title='bbox 1220 1221 1386 1265; x_wconf 89' lang='lat' dir='ltr'>propter</span> <span class='ocrx_word' id='word_1_156' title='bbox 1406 1220 1611 1256; x_wconf 89' lang='lat' dir='ltr'>defectum</span> <span class='ocrx_word' id='word_1_157' title='bbox 1630 1220 1813 1269; x_wconf 87' lang='lat' dir='ltr'>nostrum</span> 
     </span>
    </p>

    <p class='ocr_par' dir='ltr' id='par_1_9' title="bbox 95 1278 1815 1442">
     <span class='ocr_line' id='line_1_18' title="bbox 95 1278 1814 1325; baseline 0.001 -11"><span class='ocrx_word' id='word_1_158' title='bbox 95 1317 97 1320; x_wconf 13' lang='grc' dir='ltr'><em>Α</em></span> <span class='ocrx_word' id='word_1_159' title='bbox 138 1288 221 1314; x_wconf 91' lang='lat' dir='ltr'>non</span> <span class='ocrx_word' id='word_1_160' title='bbox 247 1278 496 1324; x_wconf 84' lang='lat' dir='ltr'>intelligatur</span> <span class='ocrx_word' id='word_1_161' title='bbox 521 1278 600 1314; x_wconf 90' lang='lat' dir='ltr'>nisi</span> <span class='ocrx_word' id='word_1_162' title='bbox 628 1287 681 1314; x_wconf 85' lang='lat' dir='ltr'>ex</span> <span class='ocrx_word' id='word_1_163' title='bbox 711 1279 910 1314; x_wconf 87' lang='lat' dir='ltr'>creaturis</span> <span class='ocrx_word' id='word_1_164' title='bbox 921 1281 945 1314; x_wconf 82' lang='lat'>2.</span> <span class='ocrx_word' id='word_1_165' title='bbox 996 1278 1096 1315; x_wconf 84' lang='lat' dir='ltr'>Cum</span> <span class='ocrx_word' id='word_1_166' title='bbox 1123 1288 1221 1325; x_wconf 90' lang='lat' dir='ltr'>ergo</span> <span class='ocrx_word' id='word_1_167' title='bbox 1249 1279 1355 1321; x_wconf 92' lang='lat' dir='ltr'>dicit,</span> <span class='ocrx_word' id='word_1_168' title='bbox 1391 1280 1498 1324; x_wconf 93' lang='lat' dir='ltr'>quod</span> <span class='ocrx_word' id='word_1_169' title='bbox 1524 1279 1683 1315; x_wconf 88' lang='lat' dir='ltr'>infinite</span> <span class='ocrx_word' id='word_1_170' title='bbox 1708 1280 1814 1315; x_wconf 91' lang='lat' dir='ltr'>tran-</span> 
     </span>
     <span class='ocr_line' id='line_1_19' title="bbox 140 1337 1814 1383; baseline -0.001 -10"><span class='ocrx_word' id='word_1_171' title='bbox 140 1337 300 1374; x_wconf 89' lang='lat' dir='ltr'>scendit</span> <span class='ocrx_word' id='word_1_172' title='bbox 326 1339 367 1373; x_wconf 91' lang='lat' dir='ltr'>et</span> <span class='ocrx_word' id='word_1_173' title='bbox 391 1338 504 1382; x_wconf 83' lang='lat' dir='ltr'>prius</span> <span class='ocrx_word' id='word_1_174' title='bbox 533 1338 598 1374; x_wconf 88' lang='lat' dir='ltr'>est</span> <span class='ocrx_word' id='word_1_175' title='bbox 621 1338 712 1383; x_wconf 91' lang='lat' dir='ltr'>ipso</span> <span class='ocrx_word' id='word_1_176' title='bbox 739 1338 891 1379; x_wconf 88' lang='lat' dir='ltr'>creato,</span> <span class='ocrx_word' id='word_1_177' title='bbox 928 1347 1073 1374; x_wconf 90' lang='lat' dir='ltr'>verum</span> <span class='ocrx_word' id='word_1_178' title='bbox 1106 1339 1180 1380; x_wconf 87' lang='lat' dir='ltr'>est,</span> <span class='ocrx_word' id='word_1_179' title='bbox 1219 1339 1415 1383; x_wconf 91' lang='lat' dir='ltr'>quantum</span> <span class='ocrx_word' id='word_1_180' title='bbox 1441 1339 1493 1374; x_wconf 89' lang='lat' dir='ltr'>ad</span> <span class='ocrx_word' id='word_1_181' title='bbox 1518 1337 1814 1383; x_wconf 88' lang='lat' dir='ltr'>perfectionem</span> 
     </span>
     <span class='ocr_line' id='line_1_20' title="bbox 138 1396 1815 1442; baseline 0 -10"><span class='ocrx_word' id='word_1_182' title='bbox 138 1396 399 1441; x_wconf 84' lang='lat' dir='ltr'>aequalitatis</span> <span class='ocrx_word' id='word_1_183' title='bbox 419 1397 486 1433; x_wconf 93' lang='lat' dir='ltr'>vel</span> <span class='ocrx_word' id='word_1_184' title='bbox 505 1396 680 1439; x_wconf 89' lang='lat' dir='ltr'>unionis,</span> <span class='ocrx_word' id='word_1_185' title='bbox 705 1406 790 1432; x_wconf 89' lang='lat' dir='ltr'>non</span> <span class='ocrx_word' id='word_1_186' title='bbox 815 1397 952 1432; x_wconf 89' lang='lat' dir='ltr'>autem</span> <span class='ocrx_word' id='word_1_187' title='bbox 978 1398 1174 1442; x_wconf 89' lang='lat' dir='ltr'>quantum</span> <span class='ocrx_word' id='word_1_188' title='bbox 1200 1397 1253 1433; x_wconf 91' lang='lat' dir='ltr'>ad</span> <span class='ocrx_word' id='word_1_189' title='bbox 1277 1396 1572 1442; x_wconf 86' lang='lat' dir='ltr'>perfectionem</span> <span class='ocrx_word' id='word_1_190' title='bbox 1598 1397 1815 1441; x_wconf 86' lang='lat' dir='ltr'>analogiae</span> 
     </span>
    </p>

    <p class='ocr_par' dir='ltr' id='par_1_10' title="bbox 87 1455 1814 1679">
     <span class='ocr_line' id='line_1_21' title="bbox 87 1455 1814 1501; baseline 0 -10"><span class='ocrx_word' id='word_1_191' title='bbox 87 1462 121 1487; x_wconf 78' lang='lat'>20</span> <span class='ocrx_word' id='word_1_192' title='bbox 139 1456 207 1492; x_wconf 91' lang='lat' dir='ltr'>vel</span> <span class='ocrx_word' id='word_1_193' title='bbox 233 1455 397 1498; x_wconf 90' lang='lat' dir='ltr'>ordinis,</span> <span class='ocrx_word' id='word_1_194' title='bbox 424 1456 520 1501; x_wconf 86' lang='lat' dir='ltr'>quia</span> <span class='ocrx_word' id='word_1_195' title='bbox 546 1456 683 1492; x_wconf 86' lang='lat' dir='ltr'>omnia</span> <span class='ocrx_word' id='word_1_196' title='bbox 708 1456 802 1491; x_wconf 91' lang='lat' dir='ltr'>sunt</span> <span class='ocrx_word' id='word_1_197' title='bbox 826 1456 879 1492; x_wconf 92' lang='lat' dir='ltr'>ad</span> <span class='ocrx_word' id='word_1_198' title='bbox 905 1455 1037 1501; x_wconf 90' lang='lat' dir='ltr'>ipsum</span> <span class='ocrx_word' id='word_1_199' title='bbox 1063 1456 1297 1492; x_wconf 89' lang='lat' dir='ltr'>immediate</span> <span class='ocrx_word' id='word_1_200' title='bbox 1329 1456 1517 1492; x_wconf 88' lang='lat' dir='ltr'>ordinata</span> <span class='ocrx_word' id='word_1_201' title='bbox 1547 1456 1621 1491; x_wconf 88' lang='lat' dir='ltr'>sub</span> <span class='ocrx_word' id='word_1_202' title='bbox 1653 1455 1814 1491; x_wconf 89' lang='lat' dir='ltr'>ratione</span> 
     </span>
     <span class='ocr_line' id='line_1_22' title="bbox 139 1514 1814 1560; baseline -0.001 -9"><span class='ocrx_word' id='word_1_203' title='bbox 139 1524 304 1551; x_wconf 88' lang='lat' dir='ltr'>causae.</span> <span class='ocrx_word' id='word_1_204' title='bbox 353 1514 479 1560; x_wconf 82' lang='lat' dir='ltr'>Igitur</span> <span class='ocrx_word' id='word_1_205' title='bbox 504 1515 702 1559; x_wconf 87' lang='lat' dir='ltr'>quantum</span> <span class='ocrx_word' id='word_1_206' title='bbox 732 1515 785 1551; x_wconf 92' lang='lat' dir='ltr'>ad</span> <span class='ocrx_word' id='word_1_207' title='bbox 819 1514 1022 1550; x_wconf 89' lang='lat' dir='ltr'>rationem</span> <span class='ocrx_word' id='word_1_208' title='bbox 1058 1515 1273 1551; x_wconf 89' lang='lat' dir='ltr'>absolutae</span> <span class='ocrx_word' id='word_1_209' title='bbox 1313 1515 1620 1551; x_wconf 88' lang='lat' dir='ltr'>essentialitatis</span> <span class='ocrx_word' id='word_1_210' title='bbox 1657 1514 1814 1550; x_wconf 90' lang='lat' dir='ltr'>infinite</span> 
     </span>
     <span class='ocr_line' id='line_1_23' title="bbox 140 1569 1814 1618; baseline 0 -9"><span class='ocrx_word' id='word_1_211' title='bbox 140 1573 276 1616; x_wconf 83' lang='lat' dir='ltr'>distat,</span> <span class='ocrx_word' id='word_1_212' title='bbox 315 1574 512 1618; x_wconf 85' lang='lat' dir='ltr'>quantum</span> <span class='ocrx_word' id='word_1_213' title='bbox 536 1574 589 1610; x_wconf 89' lang='lat' dir='ltr'>ad</span> <span class='ocrx_word' id='word_1_214' title='bbox 614 1573 817 1610; x_wconf 90' lang='lat' dir='ltr'>rationem</span> <span class='ocrx_word' id='word_1_215' title='bbox 854 1573 1105 1610; x_wconf 88' lang='lat' dir='ltr'>causalitatis</span> <span class='ocrx_word' id='word_1_216' title='bbox 1137 1569 1371 1610; x_wconf 86' lang='lat' dir='ltr'>immediate</span> <span class='ocrx_word' id='word_1_217' title='bbox 1408 1574 1570 1610; x_wconf 89' lang='lat' dir='ltr'>cuilibet</span> <span class='ocrx_word' id='word_1_218' title='bbox 1601 1574 1814 1610; x_wconf 87' lang='lat' dir='ltr'>creaturae</span> 
     </span>
     <span class='ocr_line' id='line_1_24' title="bbox 139 1632 457 1679; baseline 0 -10"><span class='ocrx_word' id='word_1_219' title='bbox 139 1632 457 1679; x_wconf 87' lang='lat' dir='ltr'>&lt;coniungitur&gt;.</span> 
     </span>
    </p>

    <p class='ocr_par' dir='ltr' id='par_1_11' title="bbox 279 1692 1815 1734">
     <span class='ocr_line' id='line_1_25' title="bbox 279 1692 1815 1734; baseline 0 -6"><span class='ocrx_word' id='word_1_220' title='bbox 279 1692 378 1728; x_wconf 86' lang='lat' dir='ltr'>Item</span> <span class='ocrx_word' id='word_1_221' title='bbox 403 1692 500 1728; x_wconf 91' lang='lat' dir='ltr'>licet</span> <span class='ocrx_word' id='word_1_222' title='bbox 526 1692 710 1728; x_wconf 87' lang='lat' dir='ltr'>essentia</span> <span class='ocrx_word' id='word_1_223' title='bbox 736 1701 812 1728; x_wconf 85' lang='lat' dir='ltr'>sua</span> <span class='ocrx_word' id='word_1_224' title='bbox 829 1692 988 1728; x_wconf 89' lang='lat' dir='ltr'>infinite</span> <span class='ocrx_word' id='word_1_225' title='bbox 1017 1693 1283 1729; x_wconf 86' lang='lat' dir='ltr'>transcendat</span> <span class='ocrx_word' id='word_1_226' title='bbox 1310 1701 1404 1729; x_wconf 87' lang='lat' dir='ltr'>esse</span> <span class='ocrx_word' id='word_1_227' title='bbox 1428 1693 1651 1734; x_wconf 88' lang='lat' dir='ltr'>causatum,</span> <span class='ocrx_word' id='word_1_228' title='bbox 1676 1692 1815 1728; x_wconf 88' lang='lat' dir='ltr'>tamen</span> 
     </span>
    </p>

    <p class='ocr_par' dir='ltr' id='par_1_12' title="bbox 86 1751 1330 1797">
     <span class='ocr_line' id='line_1_26' title="bbox 86 1751 1330 1797; baseline 0 -10"><span class='ocrx_word' id='word_1_229' title='bbox 86 1757 121 1782; x_wconf 78' lang='lat'>25</span> <span class='ocrx_word' id='word_1_230' title='bbox 141 1751 327 1796; x_wconf 90' lang='lat' dir='ltr'>operatio</span> <span class='ocrx_word' id='word_1_231' title='bbox 355 1760 431 1787; x_wconf 87' lang='lat' dir='ltr'>sua</span> <span class='ocrx_word' id='word_1_232' title='bbox 458 1752 522 1787; x_wconf 88' lang='lat' dir='ltr'>est</span> <span class='ocrx_word' id='word_1_233' title='bbox 546 1751 651 1789; x_wconf 90' lang='lat' dir='ltr'>ratio</span> <span class='ocrx_word' id='word_1_234' title='bbox 678 1751 958 1797; x_wconf 86' lang='lat' dir='ltr'>cognoscendi</span> <span class='ocrx_word' id='word_1_235' title='bbox 983 1760 1079 1787; x_wconf 90' lang='lat' dir='ltr'>esse</span> <span class='ocrx_word' id='word_1_236' title='bbox 1106 1752 1330 1787; x_wconf 90' lang='lat' dir='ltr'>causatum.</span> 
     </span>
    </p>

    <p class='ocr_par' dir='ltr' id='par_1_13' title="bbox 141 1809 1815 1911">
     <span class='ocr_line' id='line_1_27' title="bbox 280 1809 1815 1856; baseline -0.001 -10"><span class='ocrx_word' id='word_1_237' title='bbox 280 1809 379 1846; x_wconf 91' lang='lat' dir='ltr'>Item</span> <span class='ocrx_word' id='word_1_238' title='bbox 406 1810 669 1856; x_wconf 87' lang='lat' dir='ltr'>cognoscitur</span> <span class='ocrx_word' id='word_1_239' title='bbox 695 1810 921 1846; x_wconf 89' lang='lat' dir='ltr'>secundum</span> <span class='ocrx_word' id='word_1_240' title='bbox 947 1810 1055 1855; x_wconf 90' lang='lat' dir='ltr'>quod</span> <span class='ocrx_word' id='word_1_241' title='bbox 1078 1809 1237 1846; x_wconf 87' lang='lat' dir='ltr'>infinite</span> <span class='ocrx_word' id='word_1_242' title='bbox 1269 1810 1523 1847; x_wconf 86' lang='lat' dir='ltr'>transcendit</span> <span class='ocrx_word' id='word_1_243' title='bbox 1553 1810 1641 1846; x_wconf 91' lang='lat' dir='ltr'>sive</span> <span class='ocrx_word' id='word_1_244' title='bbox 1672 1819 1815 1846; x_wconf 90' lang='lat' dir='ltr'>secun-</span> 
     </span>
     <span class='ocr_line' id='line_1_28' title="bbox 141 1868 1062 1911; baseline 0 -6"><span class='ocrx_word' id='word_1_245' title='bbox 141 1869 235 1905; x_wconf 91' lang='lat' dir='ltr'>dum</span> <span class='ocrx_word' id='word_1_246' title='bbox 262 1878 378 1905; x_wconf 89' lang='lat' dir='ltr'>suam</span> <span class='ocrx_word' id='word_1_247' title='bbox 403 1868 659 1911; x_wconf 86' lang='lat' dir='ltr'>infinitatem,</span> <span class='ocrx_word' id='word_1_248' title='bbox 687 1869 761 1905; x_wconf 91' lang='lat' dir='ltr'>sed</span> <span class='ocrx_word' id='word_1_249' title='bbox 786 1869 909 1905; x_wconf 90' lang='lat' dir='ltr'>modo</span> <span class='ocrx_word' id='word_1_250' title='bbox 935 1868 1062 1905; x_wconf 85' lang='lat' dir='ltr'>finito.</span> 
     </span>
    </p>

    <p class='ocr_par' dir='ltr' id='par_1_14' title="bbox 141 1927 1816 2032">
     <span class='ocr_line' id='line_1_29' title="bbox 279 1927 1816 1973; baseline -0.001 -9"><span class='ocrx_word' id='word_1_251' title='bbox 279 1929 312 1964; x_wconf 87' lang='lat'>4.</span> <span class='ocrx_word' id='word_1_252' title='bbox 338 1927 402 1964; x_wconf 92' lang='lat' dir='ltr'>Ad</span> <span class='ocrx_word' id='word_1_253' title='bbox 427 1928 615 1973; x_wconf 86' lang='lat' dir='ltr'>quartum</span> <span class='ocrx_word' id='word_1_254' title='bbox 641 1927 858 1964; x_wconf 86' lang='lat' dir='ltr'>dicendum</span> <span class='ocrx_word' id='word_1_255' title='bbox 884 1928 992 1973; x_wconf 91' lang='lat' dir='ltr'>quod</span> <span class='ocrx_word' id='word_1_256' title='bbox 1017 1927 1237 1964; x_wconf 87' lang='lat' dir='ltr'>ineffabilis</span> <span class='ocrx_word' id='word_1_257' title='bbox 1273 1929 1337 1964; x_wconf 88' lang='lat' dir='ltr'>est</span> <span class='ocrx_word' id='word_1_258' title='bbox 1371 1928 1576 1965; x_wconf 89' lang='lat' dir='ltr'>locutione</span> <span class='ocrx_word' id='word_1_259' title='bbox 1612 1927 1816 1973; x_wconf 86' lang='lat' dir='ltr'>condigna</span> 
     </span>
     <span class='ocr_line' id='line_1_30' title="bbox 141 1986 1814 2032; baseline -0.001 -10"><span class='ocrx_word' id='word_1_260' title='bbox 141 1988 183 2022; x_wconf 94' lang='lat' dir='ltr'>et</span> <span class='ocrx_word' id='word_1_261' title='bbox 207 1986 383 2032; x_wconf 90' lang='lat' dir='ltr'>propria,</span> <span class='ocrx_word' id='word_1_262' title='bbox 410 1987 452 2023; x_wconf 92' lang='lat' dir='ltr'>et</span> <span class='ocrx_word' id='word_1_263' title='bbox 476 1987 615 2023; x_wconf 89' lang='lat' dir='ltr'>tamen</span> <span class='ocrx_word' id='word_1_264' title='bbox 639 1987 776 2032; x_wconf 85' lang='lat' dir='ltr'>aliquo</span> <span class='ocrx_word' id='word_1_265' title='bbox 802 1987 924 2023; x_wconf 92' lang='lat' dir='ltr'>modo</span> <span class='ocrx_word' id='word_1_266' title='bbox 951 1986 1125 2023; x_wconf 82' lang='lat' dir='ltr'>effabilis</span> <span class='ocrx_word' id='word_1_267' title='bbox 1151 1988 1224 2023; x_wconf 90' lang='lat' dir='ltr'>est.</span> <span class='ocrx_word' id='word_1_268' title='bbox 1265 1987 1456 2024; x_wconf 87' lang='lat' dir='ltr'>Similiter</span> <span class='ocrx_word' id='word_1_269' title='bbox 1474 1986 1814 2032; x_wconf 88' lang='lat' dir='ltr'>apprehensibilis</span> 
     </span>
    </p>

    <p class='ocr_par' dir='ltr' id='par_1_15' title="bbox 89 2045 866 2091">
     <span class='ocr_line' id='line_1_31' title="bbox 89 2045 866 2091; baseline 0.001 -10"><span class='ocrx_word' id='word_1_270' title='bbox 89 2056 123 2081; x_wconf 88' lang='lat'>30</span> <span class='ocrx_word' id='word_1_271' title='bbox 143 2046 218 2087; x_wconf 90' lang='lat' dir='ltr'>est,</span> <span class='ocrx_word' id='word_1_272' title='bbox 243 2045 338 2082; x_wconf 90' lang='lat' dir='ltr'>licet</span> <span class='ocrx_word' id='word_1_273' title='bbox 363 2055 448 2082; x_wconf 90' lang='lat' dir='ltr'>non</span> <span class='ocrx_word' id='word_1_274' title='bbox 473 2045 866 2091; x_wconf 90' lang='lat' dir='ltr'>comprehensibilis.</span> 
     </span>
    </p>

    <p class='ocr_par' dir='ltr' id='par_1_16' title="bbox 142 2104 1814 2267">
     <span class='ocr_line' id='line_1_32' title="bbox 282 2104 1814 2150; baseline -0.001 -9"><span class='ocrx_word' id='word_1_275' title='bbox 282 2106 315 2141; x_wconf 88' lang='lat'>5.</span> <span class='ocrx_word' id='word_1_276' title='bbox 340 2104 403 2141; x_wconf 92' lang='lat' dir='ltr'>Ad</span> <span class='ocrx_word' id='word_1_277' title='bbox 429 2104 613 2150; x_wconf 87' lang='lat' dir='ltr'>quintum</span> <span class='ocrx_word' id='word_1_278' title='bbox 639 2104 856 2141; x_wconf 91' lang='lat' dir='ltr'>dicendum</span> <span class='ocrx_word' id='word_1_279' title='bbox 882 2105 991 2150; x_wconf 90' lang='lat' dir='ltr'>quod</span> <span class='ocrx_word' id='word_1_280' title='bbox 1022 2105 1064 2140; x_wconf 92' lang='lat' dir='ltr'>in</span> <span class='ocrx_word' id='word_1_281' title='bbox 1099 2105 1297 2141; x_wconf 86' lang='lat' dir='ltr'>creaturis</span> <span class='ocrx_word' id='word_1_282' title='bbox 1333 2114 1417 2141; x_wconf 89' lang='lat' dir='ltr'>non</span> <span class='ocrx_word' id='word_1_283' title='bbox 1451 2105 1667 2146; x_wconf 89' lang='lat' dir='ltr'>invenitur,</span> <span class='ocrx_word' id='word_1_284' title='bbox 1705 2105 1814 2149; x_wconf 91' lang='lat' dir='ltr'>quod</span> 
     </span>
     <span class='ocr_line' id='line_1_33' title="bbox 142 2162 1814 2208; baseline -0.001 -9"><span class='ocrx_word' id='word_1_285' title='bbox 142 2163 254 2199; x_wconf 89' lang='lat' dir='ltr'>Deus</span> <span class='ocrx_word' id='word_1_286' title='bbox 281 2164 346 2199; x_wconf 89' lang='lat' dir='ltr'>est</span> <span class='ocrx_word' id='word_1_287' title='bbox 370 2162 596 2199; x_wconf 88' lang='lat' dir='ltr'>formaliter</span> <span class='ocrx_word' id='word_1_288' title='bbox 620 2163 687 2199; x_wconf 92' lang='lat' dir='ltr'>vel</span> <span class='ocrx_word' id='word_1_289' title='bbox 711 2163 922 2208; x_wconf 92' lang='lat' dir='ltr'>proprium</span> <span class='ocrx_word' id='word_1_290' title='bbox 948 2172 1043 2199; x_wconf 84' lang='lat' dir='ltr'>esse</span> <span class='ocrx_word' id='word_1_291' title='bbox 1070 2163 1260 2200; x_wconf 91' lang='lat' dir='ltr'>divinum.</span> <span class='ocrx_word' id='word_1_292' title='bbox 1308 2163 1356 2199; x_wconf 91' lang='lat' dir='ltr'>Et</span> <span class='ocrx_word' id='word_1_293' title='bbox 1378 2164 1515 2200; x_wconf 89' lang='lat' dir='ltr'>tamen</span> <span class='ocrx_word' id='word_1_294' title='bbox 1534 2163 1740 2199; x_wconf 89' lang='lat' dir='ltr'>invenitur</span> <span class='ocrx_word' id='word_1_295' title='bbox 1760 2172 1814 2198; x_wconf 81' lang='lat' dir='ltr'>ex</span> 
     </span>
     <span class='ocr_line' id='line_1_34' title="bbox 143 2222 828 2267; baseline -0.001 -9"><span class='ocrx_word' id='word_1_296' title='bbox 143 2222 333 2259; x_wconf 88' lang='lat' dir='ltr'>creatura</span> <span class='ocrx_word' id='word_1_297' title='bbox 356 2222 491 2267; x_wconf 89' lang='lat' dir='ltr'>ipsum</span> <span class='ocrx_word' id='word_1_298' title='bbox 516 2231 610 2258; x_wconf 89' lang='lat' dir='ltr'>esse</span> <span class='ocrx_word' id='word_1_299' title='bbox 637 2222 828 2258; x_wconf 92' lang='lat' dir='ltr'>divinum.</span> 
     </span>
    </p>

    <p class='ocr_par' dir='ltr' id='par_1_17' title="bbox 281 2280 1814 2325">
     <span class='ocr_line' id='line_1_35' title="bbox 281 2280 1814 2325; baseline -0.001 -8"><span class='ocrx_word' id='word_1_300' title='bbox 281 2282 313 2317; x_wconf 86' lang='lat'>6.</span> <span class='ocrx_word' id='word_1_301' title='bbox 339 2281 402 2317; x_wconf 93' lang='lat' dir='ltr'>Ad</span> <span class='ocrx_word' id='word_1_302' title='bbox 429 2281 592 2317; x_wconf 87' lang='lat' dir='ltr'>sextum</span> <span class='ocrx_word' id='word_1_303' title='bbox 619 2281 834 2317; x_wconf 90' lang='lat' dir='ltr'>dicendum</span> <span class='ocrx_word' id='word_1_304' title='bbox 862 2281 970 2325; x_wconf 88' lang='lat' dir='ltr'>quod</span> <span class='ocrx_word' id='word_1_305' title='bbox 994 2280 1154 2317; x_wconf 80' lang='lat' dir='ltr'>infinita</span> <span class='ocrx_word' id='word_1_306' title='bbox 1179 2282 1244 2317; x_wconf 92' lang='lat' dir='ltr'>est</span> <span class='ocrx_word' id='word_1_307' title='bbox 1269 2280 1464 2317; x_wconf 88' lang='lat' dir='ltr'>distantia</span> <span class='ocrx_word' id='word_1_308' title='bbox 1495 2280 1722 2316; x_wconf 88' lang='lat' dir='ltr'>secundum</span> <span class='ocrx_word' id='word_1_309' title='bbox 1753 2289 1814 2315; x_wconf 91' lang='lat' dir='ltr'>ra-</span> 
     </span>
    </p>

    <p class='ocr_par' dir='ltr' id='par_1_18' title="bbox 89 2338 1812 2436">
     <span class='ocr_line' id='line_1_36' title="bbox 89 2338 1812 2384; baseline -0.001 -8"><span class='ocrx_word' id='word_1_310' title='bbox 89 2354 124 2380; x_wconf 80' lang='lat'>35</span> <span class='ocrx_word' id='word_1_311' title='bbox 142 2340 298 2376; x_wconf 88' lang='lat' dir='ltr'>tionem</span> <span class='ocrx_word' id='word_1_312' title='bbox 323 2339 593 2384; x_wconf 81' lang='lat' dir='ltr'>aequalitatis,</span> <span class='ocrx_word' id='word_1_313' title='bbox 631 2340 704 2376; x_wconf 90' lang='lat' dir='ltr'>sed</span> <span class='ocrx_word' id='word_1_314' title='bbox 739 2349 822 2375; x_wconf 89' lang='lat' dir='ltr'>non</span> <span class='ocrx_word' id='word_1_315' title='bbox 857 2339 1080 2375; x_wconf 90' lang='lat' dir='ltr'>secundum</span> <span class='ocrx_word' id='word_1_316' title='bbox 1113 2339 1316 2375; x_wconf 88' lang='lat' dir='ltr'>rationem</span> <span class='ocrx_word' id='word_1_317' title='bbox 1351 2339 1516 2380; x_wconf 89' lang='lat' dir='ltr'>ordinis,</span> <span class='ocrx_word' id='word_1_318' title='bbox 1555 2348 1646 2375; x_wconf 92' lang='lat' dir='ltr'>cum</span> <span class='ocrx_word' id='word_1_319' title='bbox 1681 2338 1812 2375; x_wconf 87' lang='lat' dir='ltr'>omnis</span> 
     </span>
     <span class='ocr_line' id='line_1_37' title="bbox 144 2397 1468 2436; baseline -0.001 -1"><span class='ocrx_word' id='word_1_320' title='bbox 144 2399 335 2435; x_wconf 89' lang='lat' dir='ltr'>creatura</span> <span class='ocrx_word' id='word_1_321' title='bbox 359 2398 594 2434; x_wconf 83' lang='lat' dir='ltr'>immediate</span> <span class='ocrx_word' id='word_1_322' title='bbox 619 2398 673 2436; x_wconf 87' lang='lat' dir='ltr'>sit</span> <span class='ocrx_word' id='word_1_323' title='bbox 697 2399 750 2434; x_wconf 89' lang='lat' dir='ltr'>ad</span> <span class='ocrx_word' id='word_1_324' title='bbox 775 2398 906 2434; x_wconf 93' lang='lat' dir='ltr'>Deum</span> <span class='ocrx_word' id='word_1_325' title='bbox 932 2397 1120 2433; x_wconf 88' lang='lat' dir='ltr'>ordinata</span> <span class='ocrx_word' id='word_1_326' title='bbox 1143 2399 1187 2434; x_wconf 90' lang='lat' dir='ltr'>ut</span> <span class='ocrx_word' id='word_1_327' title='bbox 1212 2398 1265 2434; x_wconf 90' lang='lat' dir='ltr'>ad</span> <span class='ocrx_word' id='word_1_328' title='bbox 1290 2403 1468 2434; x_wconf 89' lang='lat' dir='ltr'>causam.</span> 
     </span>
    </p>

    <p class='ocr_par' dir='ltr' id='par_1_19' title="bbox 145 2456 1814 2618">
     <span class='ocr_line' id='line_1_38' title="bbox 284 2456 1812 2502; baseline -0.001 -9"><span class='ocrx_word' id='word_1_329' title='bbox 284 2458 316 2493; x_wconf 85' lang='lat'>7.</span> <span class='ocrx_word' id='word_1_330' title='bbox 343 2457 405 2493; x_wconf 94' lang='lat' dir='ltr'>Ad</span> <span class='ocrx_word' id='word_1_331' title='bbox 443 2457 649 2493; x_wconf 90' lang='lat' dir='ltr'>obiectum</span> <span class='ocrx_word' id='word_1_332' title='bbox 686 2457 794 2502; x_wconf 92' lang='lat' dir='ltr'>quod</span> <span class='ocrx_word' id='word_1_333' title='bbox 832 2456 963 2492; x_wconf 90' lang='lat' dir='ltr'>omnis</span> <span class='ocrx_word' id='word_1_334' title='bbox 1000 2457 1188 2492; x_wconf 87' lang='lat' dir='ltr'>creatura</span> <span class='ocrx_word' id='word_1_335' title='bbox 1224 2457 1314 2502; x_wconf 90' lang='lat' dir='ltr'>plus</span> <span class='ocrx_word' id='word_1_336' title='bbox 1351 2458 1414 2493; x_wconf 89' lang='lat' dir='ltr'>est</span> <span class='ocrx_word' id='word_1_337' title='bbox 1449 2456 1656 2493; x_wconf 87' lang='lat' dir='ltr'>dissimilis</span> <span class='ocrx_word' id='word_1_338' title='bbox 1692 2465 1812 2501; x_wconf 88' lang='lat' dir='ltr'>quam</span> 
     </span>
     <span class='ocr_line' id='line_1_39' title="bbox 146 2514 1814 2560; baseline -0.001 -9"><span class='ocrx_word' id='word_1_339' title='bbox 146 2515 298 2557; x_wconf 88' lang='lat' dir='ltr'>similis,</span> <span class='ocrx_word' id='word_1_340' title='bbox 335 2515 577 2559; x_wconf 89' lang='lat' dir='ltr'>&lt;dicendum</span> <span class='ocrx_word' id='word_1_341' title='bbox 603 2516 735 2560; x_wconf 89' lang='lat' dir='ltr'>quod&gt;</span> <span class='ocrx_word' id='word_1_342' title='bbox 759 2524 904 2551; x_wconf 92' lang='lat' dir='ltr'>verum</span> <span class='ocrx_word' id='word_1_343' title='bbox 938 2515 1002 2550; x_wconf 92' lang='lat' dir='ltr'>est</span> <span class='ocrx_word' id='word_1_344' title='bbox 1035 2514 1240 2559; x_wconf 91' lang='lat' dir='ltr'>loquendo</span> <span class='ocrx_word' id='word_1_345' title='bbox 1274 2515 1324 2551; x_wconf 92' lang='lat' dir='ltr'>de</span> <span class='ocrx_word' id='word_1_346' title='bbox 1350 2515 1610 2551; x_wconf 90' lang='lat' dir='ltr'>similitudine</span> <span class='ocrx_word' id='word_1_347' title='bbox 1636 2514 1814 2559; x_wconf 89' lang='lat' dir='ltr'>aequali-</span> 
     </span>
     <span class='ocr_line' id='line_1_40' title="bbox 145 2573 1812 2618; baseline -0.001 -8"><span class='ocrx_word' id='word_1_348' title='bbox 145 2574 239 2610; x_wconf 87' lang='lat' dir='ltr'>tatis</span> <span class='ocrx_word' id='word_1_349' title='bbox 248 2583 256 2618; x_wconf 91' lang='lat'>;</span> <span class='ocrx_word' id='word_1_350' title='bbox 283 2574 343 2610; x_wconf 88' lang='lat' dir='ltr'>sic</span> <span class='ocrx_word' id='word_1_351' title='bbox 369 2574 478 2610; x_wconf 89' lang='lat' dir='ltr'>enim</span> <span class='ocrx_word' id='word_1_352' title='bbox 502 2574 545 2610; x_wconf 85' lang='lat' dir='ltr'>in</span> <span class='ocrx_word' id='word_1_353' title='bbox 569 2574 678 2610; x_wconf 92' lang='lat' dir='ltr'>nullo</span> <span class='ocrx_word' id='word_1_354' title='bbox 706 2573 939 2615; x_wconf 88' lang='lat' dir='ltr'>estsimilis,</span> <span class='ocrx_word' id='word_1_355' title='bbox 966 2573 1040 2609; x_wconf 89' lang='lat' dir='ltr'>sed</span> <span class='ocrx_word' id='word_1_356' title='bbox 1057 2573 1219 2617; x_wconf 89' lang='lat' dir='ltr'>penitus</span> <span class='ocrx_word' id='word_1_357' title='bbox 1241 2573 1445 2609; x_wconf 87' lang='lat' dir='ltr'>dissimilis</span> <span class='ocrx_word' id='word_1_358' title='bbox 1454 2581 1462 2616; x_wconf 88' lang='lat'>;</span> <span class='ocrx_word' id='word_1_359' title='bbox 1488 2574 1693 2618; x_wconf 91' lang='lat' dir='ltr'>loquendo</span> <span class='ocrx_word' id='word_1_360' title='bbox 1712 2582 1812 2609; x_wconf 91' lang='lat' dir='ltr'>vero</span> 
     </span>
    </p>

    <p class='ocr_par' dir='ltr' id='par_1_20' title="bbox 94 2631 1812 2677">
     <span class='ocr_line' id='line_1_41' title="bbox 94 2631 1812 2677; baseline -0.003 -6"><span class='ocrx_word' id='word_1_361' title='bbox 94 2648 128 2672; x_wconf 79' lang='lat'>40</span> <span class='ocrx_word' id='word_1_362' title='bbox 147 2633 199 2669; x_wconf 90' lang='lat' dir='ltr'>de</span> <span class='ocrx_word' id='word_1_363' title='bbox 226 2632 487 2669; x_wconf 89' lang='lat' dir='ltr'>similitudine</span> <span class='ocrx_word' id='word_1_364' title='bbox 511 2632 804 2669; x_wconf 88' lang='lat' dir='ltr'>immutationis</span> <span class='ocrx_word' id='word_1_365' title='bbox 830 2632 920 2677; x_wconf 89' lang='lat' dir='ltr'>plus</span> <span class='ocrx_word' id='word_1_366' title='bbox 953 2631 1017 2667; x_wconf 90' lang='lat' dir='ltr'>est</span> <span class='ocrx_word' id='word_1_367' title='bbox 1050 2631 1257 2667; x_wconf 89' lang='lat' dir='ltr'>dissimilis</span> <span class='ocrx_word' id='word_1_368' title='bbox 1294 2641 1414 2676; x_wconf 88' lang='lat' dir='ltr'>quam</span> <span class='ocrx_word' id='word_1_369' title='bbox 1452 2632 1603 2674; x_wconf 88' lang='lat' dir='ltr'>similis,</span> <span class='ocrx_word' id='word_1_370' title='bbox 1642 2631 1737 2676; x_wconf 89' lang='lat' dir='ltr'>quia</span> <span class='ocrx_word' id='word_1_371' title='bbox 1772 2631 1812 2666; x_wconf 93' lang='lat' dir='ltr'>in</span> 
     </span>
    </p>

    <p class='ocr_par' dir='ltr' id='par_1_21' title="bbox 149 2735 1813 2985">
     <span class='ocr_line' id='line_1_42' title="bbox 287 2735 1812 2777; baseline -0.003 -7"><span class='ocrx_word' id='word_1_372' title='bbox 287 2737 376 2770; x_wconf 82' lang='lat'>2—3</span> <span class='ocrx_word' id='word_1_373' title='bbox 413 2735 754 2777; x_wconf 86' lang='lat' dir='ltr'>quantamcumque]</span> <span class='ocrx_word' id='word_1_374' title='bbox 790 2735 1116 2776; x_wconf 83' lang='lat' dir='ltr'>quantumcumque</span> <span class='ocrx_word' id='word_1_375' title='bbox 1212 2735 1300 2766; x_wconf 82' lang='lat'>3——4</span> <span class='ocrx_word' id='word_1_376' title='bbox 1337 2736 1664 2774; x_wconf 87' lang='lat' dir='ltr'>quantumcumque</span> <span class='ocrx_word' id='word_1_377' title='bbox 1698 2735 1812 2774; x_wconf 86' lang='lat' dir='ltr'>trans-</span> 
     </span>
     <span class='ocr_line' id='line_1_43' title="bbox 149 2786 1813 2829; baseline -0.002 -7"><span class='ocrx_word' id='word_1_378' title='bbox 149 2790 289 2822; x_wconf 88' lang='lat' dir='ltr'>scendit</span> <span class='ocrx_word' id='word_1_379' title='bbox 313 2788 547 2828; x_wconf 90' lang='lat' dir='ltr'>intellectum]</span> <span class='ocrx_word' id='word_1_380' title='bbox 574 2790 899 2829; x_wconf 85' lang='lat' dir='ltr'>quantamcumque</span> <span class='ocrx_word' id='word_1_381' title='bbox 924 2788 1025 2819; x_wconf 91' lang='lat' dir='ltr'>trans</span> <span class='ocrx_word' id='word_1_382' title='bbox 1052 2796 1134 2819; x_wconf 85' lang='lat' dir='ltr'>eam</span> <span class='ocrx_word' id='word_1_383' title='bbox 1160 2788 1197 2819; x_wconf 91' lang='lat' dir='ltr'>ut</span> <span class='ocrx_word' id='word_1_384' title='bbox 1222 2787 1329 2819; x_wconf 87' lang='lat' dir='ltr'>cadat</span> <span class='ocrx_word' id='word_1_385' title='bbox 1426 2788 1443 2819; x_wconf 89' lang='grc'>7</span> <span class='ocrx_word' id='word_1_386' title='bbox 1470 2786 1522 2826; x_wconf 93' lang='lat' dir='ltr'>II.]</span> <span class='ocrx_word' id='word_1_387' title='bbox 1548 2787 1589 2819; x_wconf 90' lang='lat' dir='ltr'>V.</span> <span class='ocrx_word' id='word_1_388' title='bbox 1657 2787 1813 2819; x_wconf 88' lang='lat' dir='ltr'>affirma-</span> 
     </span>
     <span class='ocr_line' id='line_1_44' title="bbox 149 2837 1812 2886; baseline -0.002 -12"><span class='ocrx_word' id='word_1_389' title='bbox 149 2842 279 2881; x_wconf 79' lang='lat' dir='ltr'>t10nes]</span> <span class='ocrx_word' id='word_1_390' title='bbox 306 2842 450 2886; x_wconf 53' lang='lat' dir='ltr'>Miynffi</span> <span class='ocrx_word' id='word_1_391' title='bbox 474 2842 702 2880; x_wconf 88' lang='lat' dir='ltr'>intentiones,</span> <span class='ocrx_word' id='word_1_392' title='bbox 729 2842 866 2873; x_wconf 69' lang='lat' dir='ltr'>textus:</span> <span class='ocrx_word' id='word_1_393' title='bbox 891 2837 1052 2873; x_wconf 66' lang='lat' dir='ltr'>afffones</span> <span class='ocrx_word' id='word_1_394' title='bbox 1148 2840 1170 2872; x_wconf 81' lang='lat'>9</span> <span class='ocrx_word' id='word_1_395' title='bbox 1192 2838 1276 2878; x_wconf 83' lang='lat' dir='ltr'>dici]</span> <span class='ocrx_word' id='word_1_396' title='bbox 1302 2840 1408 2871; x_wconf 91' lang='lat' dir='ltr'>didici</span> <span class='ocrx_word' id='word_1_397' title='bbox 1506 2840 1547 2871; x_wconf 90' lang='grc'>10</span> <span class='ocrx_word' id='word_1_398' title='bbox 1580 2838 1812 2880; x_wconf 86' lang='lat' dir='ltr'>assignando]</span> 
     </span>
     <span class='ocr_line' id='line_1_45' title="bbox 151 2891 1812 2936; baseline -0.002 -9"><span class='ocrx_word' id='word_1_399' title='bbox 151 2896 338 2935; x_wconf 87' lang='lat' dir='ltr'>assignato</span> <span class='ocrx_word' id='word_1_400' title='bbox 422 2895 465 2927; x_wconf 84' lang='lat'>26</span> <span class='ocrx_word' id='word_1_401' title='bbox 491 2893 733 2936; x_wconf 87' lang='lat' dir='ltr'>cognoscitur]</span> <span class='ocrx_word' id='word_1_402' title='bbox 760 2894 914 2935; x_wconf 88' lang='lat' dir='ltr'>cognitio</span> <span class='ocrx_word' id='word_1_403' title='bbox 999 2893 1041 2925; x_wconf 86' lang='lat'>32</span> <span class='ocrx_word' id='word_1_404' title='bbox 1068 2891 1139 2931; x_wconf 90' lang='lat' dir='ltr'>vel]</span> <span class='ocrx_word' id='word_1_405' title='bbox 1164 2893 1200 2924; x_wconf 92' lang='lat' dir='ltr'>in</span> <span class='ocrx_word' id='word_1_406' title='bbox 1279 2892 1321 2923; x_wconf 86' lang='lat'>33</span> <span class='ocrx_word' id='word_1_407' title='bbox 1348 2891 1528 2930; x_wconf 87' lang='lat' dir='ltr'>creatura]</span> <span class='ocrx_word' id='word_1_408' title='bbox 1555 2892 1639 2923; x_wconf 83' lang='lat' dir='ltr'>add.</span> <span class='ocrx_word' id='word_1_409' title='bbox 1666 2892 1812 2924; x_wconf 70' lang='lat' dir='ltr'>anesode</span> 
     </span>
     <span class='ocr_line' id='line_1_46' title="bbox 153 2946 1199 2985; baseline -0.004 -5"><span class='ocrx_word' id='word_1_410' title='bbox 153 2949 195 2980; x_wconf 88' lang='grc'>39</span> <span class='ocrx_word' id='word_1_411' title='bbox 222 2948 273 2980; x_wconf 89' lang='lat' dir='ltr'>sic</span> <span class='ocrx_word' id='word_1_412' title='bbox 298 2947 392 2979; x_wconf 86' lang='lat' dir='ltr'>enim</span> <span class='ocrx_word' id='word_1_413' title='bbox 417 2947 454 2979; x_wconf 90' lang='lat' dir='ltr'>in</span> <span class='ocrx_word' id='word_1_414' title='bbox 479 2946 589 2985; x_wconf 91' lang='lat' dir='ltr'>nullo]</span> <span class='ocrx_word' id='word_1_415' title='bbox 615 2955 692 2979; x_wconf 89' lang='lat' dir='ltr'>smo</span> <span class='ocrx_word' id='word_1_416' title='bbox 718 2947 770 2978; x_wconf 91' lang='lat' dir='ltr'>sic</span> <span class='ocrx_word' id='word_1_417' title='bbox 795 2946 831 2978; x_wconf 92' lang='lat' dir='ltr'>in</span> <span class='ocrx_word' id='word_1_418' title='bbox 856 2946 927 2978; x_wconf 91' lang='lat' dir='ltr'>ullo</span> <span class='ocrx_word' id='word_1_419' title='bbox 1195 2955 1199 2961; x_wconf 59' lang='lat'><strong>²</strong></span> 
     </span>
    </p>
   </div>
   <div class='ocr_carea' id='block_1_4' title="bbox 155 3017 383 3020">
    <p class='ocr_par' dir='ltr' id='par_1_22' title="bbox 155 3017 383 3020">
     <span class='ocr_line' id='line_1_47' title="bbox 155 3017 383 3020; baseline 0 0"><span class='ocrx_word' id='word_1_420' title='bbox 155 3017 383 3020; x_wconf 95' lang='lat' dir='ltr'> </span> 
     </span>
    </p>
   </div>
   <div class='ocr_carea' id='block_1_5' title="bbox 386 3016 570 3020">
    <p class='ocr_par' dir='ltr' id='par_1_23' title="bbox 386 3016 570 3020">
     <span class='ocr_line' id='line_1_48' title="bbox 386 3016 570 3020; baseline 0 0"><span class='ocrx_word' id='word_1_421' title='bbox 386 3016 570 3020; x_wconf 95' lang='lat' dir='ltr'> </span> 
     </span>
    </p>
   </div>
   <div class='ocr_carea' id='block_1_6' title="bbox 291 3049 1471 3091">
    <p class='ocr_par' dir='ltr' id='par_1_24' title="bbox 291 3049 1471 3091">
     <span class='ocr_line' id='line_1_49' title="bbox 291 3049 1471 3091; baseline -0.003 -7"><span class='ocrx_word' id='word_1_422' title='bbox 291 3051 304 3073; x_wconf 85' lang='lat'><strong>1</strong></span> <span class='ocrx_word' id='word_1_423' title='bbox 331 3052 386 3084; x_wconf 91' lang='lat' dir='ltr'>PL</span> <span class='ocrx_word' id='word_1_424' title='bbox 412 3052 488 3091; x_wconf 84' lang='lat'>122,</span> <span class='ocrx_word' id='word_1_425' title='bbox 517 3052 614 3084; x_wconf 89' lang='grc'>1041.</span> <span class='ocrx_word' id='word_1_426' title='bbox 757 3050 772 3073; x_wconf 80' lang='lat'>2</span> <span class='ocrx_word' id='word_1_427' title='bbox 798 3051 867 3083; x_wconf 87' lang='lat' dir='ltr'>Cfr.</span> <span class='ocrx_word' id='word_1_428' title='bbox 894 3051 1064 3088; x_wconf 64' lang='lat' dir='ltr'>BonaV„</span> <span class='ocrx_word' id='word_1_429' title='bbox 1094 3050 1158 3090; x_wconf 81' lang='lat' dir='ltr'>Op.</span> <span class='ocrx_word' id='word_1_430' title='bbox 1187 3057 1284 3081; x_wconf 77' lang='lat' dir='ltr'>omn.</span> <span class='ocrx_word' id='word_1_431' title='bbox 1310 3049 1333 3087; x_wconf 85' lang='grc' dir='ltr'>Ι,</span> <span class='ocrx_word' id='word_1_432' title='bbox 1361 3049 1403 3081; x_wconf 89' lang='grc'>69</span> <span class='ocrx_word' id='word_1_433' title='bbox 1423 3057 1471 3081; x_wconf 86' lang='lat' dir='ltr'>ss.</span> 
     </span>
    </p>
   </div>
  </div>
 </body>
</html>
