2095 3459
322 197 364 231 14
830 192 1005 225 Johannis
1032 190 1199 223 Pechami
1226 179 1477 226 Quaestiones.

461 294 515 329 12.
542 292 641 328 Item
667 290 803 327 anima
828 287 1038 325 rationalis
1065 286 1190 323 habet
1214 284 1527 328 <mutationem>
1553 283 1723 328 primam
1756 285 1795 318 et
1822 280 1990 323 tertiam,

315 353 416 397 quia
443 351 622 388 variatur
649 349 874 386 secundum
899 345 1140 386 accidentia,
1168 354 1294 390 quare
1322 344 1362 380 et
1388 353 1470 379 non
1497 340 1704 378 mediam?

462 412 516 447 13.
543 410 642 446 Item
669 408 805 444 anima
834 407 897 443 est
930 405 1062 441 forma
1097 403 1303 449 corporis1
1345 402 1415 438 aut
1452 409 1526 446 per
1565 399 1789 436 essentiam
1824 400 1894 435 aut
1919 408 1993 444 per

322 470 526 506 accidens.
579 468 619 505 Si
644 476 718 513 per
745 465 980 505 essentiam,
1006 485 1051 488 —
1078 472 1175 509 ergo
1198 462 1361 507 quando
1383 460 1534 497 desinit
1560 468 1655 495 esse
1675 458 1817 499 forma,
1844 458 1993 494 desinit

324 538 418 565 esse
455 527 656 569 essentia;
697 527 737 562 et
762 525 818 561 ita
843 524 954 567 <est>
980 523 1021 558 in
1048 530 1221 567 corpore
1248 520 1460 556 moriente.
1512 518 1553 555 Si
1587 527 1660 563 per
1695 517 1888 553 accidens
1923 516 1993 553 ali·
2013 520 2028 546 5

324 589 442 633 quod,
468 608 514 612 ——
542 596 639 631 ergo
668 595 720 622 ex
748 592 920 629 corpore
949 583 989 618 et
1014 581 1150 618 anima
1176 590 1259 616 non
1285 579 1330 615 fit
1355 589 1479 614 unum
1506 577 1584 613 nisi
1610 586 1684 622 per
1709 577 1914 613 accidens.

464 647 517 682 14.
546 645 644 681 Item
672 644 706 680 si
733 644 797 680 est
823 641 1072 682 immortalis,
1100 640 1164 676 est
1188 638 1347 675 Infinita
1372 638 1413 673 in
1441 637 1655 673 duratione
1684 637 1724 672 et
1749 636 1873 671 habet
1899 644 1994 671 esse

323 705 542 748 infinitum;
577 704 651 745 ,aut
684 702 804 748 igitur
839 711 863 737 a
898 710 943 736 se
976 700 1045 735 aut
1077 708 1101 734 a
1127 698 1226 734 Deo.
1276 697 1365 733 Non
1392 706 1417 732 a
1443 705 1501 738 se,
1528 695 1623 740 quia
1649 695 1780 731 omnis
1809 695 1996 730 creatura

325 765 388 800 est
412 763 538 799 finita.
590 762 630 798 Si
656 771 680 798 a
706 761 793 797 Deo
820 781 866 784 —
891 760 1052 795 contra:
1090 755 1395 801 incorruptibile
1433 756 1473 791 et
1508 753 1768 799 corruptibile
1805 752 1997 789 differunt

326 822 551 859 secundum
577 820 747 856 formam
776 820 815 855 et
842 827 972 864 genus
1000 817 1226 853 secundum
1252 814 1666 858 Philosophum2.
1717 812 1820 848 Nihil
1859 812 1994 847 autem
2018 813 2049 838 ¹0

324 881 462 927 potest
487 890 512 916 a
538 880 624 916 Deo
652 879 817 919 habere,
845 878 888 913 ut
914 876 965 912 sit
991 875 1109 912 simul
1134 875 1174 910 in
1202 873 1376 910 diversis
1405 872 1637 918 generibus.
1687 871 1792 916 Ergo
1821 872 1894 907 etc.

466 940 520 975 15.
547 938 646 974 Item
672 935 1031 980 Philosophus
1059 934 1229 979 probat3
1256 942 1310 968 ex
1332 931 1534 968 infinitate
1555 931 1737 973 <motus>
1756 929 1998 966 infinitatem

327 999 367 1035 et
393 997 691 1042 simplicitatem
718 995 898 1031 motoris.
950 993 1029 1030 Sed
1058 993 1093 1028 si
1120 993 1233 1028 esset
1271 1000 1435 1035 semper
1469 990 1617 1031 anima,
1656 998 1820 1034 semper
1856 988 2000 1034 posset

326 1066 505 1093 movere.
555 1056 659 1102 Ergo
687 1055 913 1091 secundum
939 1054 1017 1089 hoc
1043 1060 1208 1096 semper
1236 1051 1311 1086 erit
1336 1050 1495 1085 infinita
1531 1050 1571 1085 et
1607 1048 1782 1093 simplex
1814 1047 1998 1084 infinitae

328 1115 607 1161 simplicitatis.
659 1114 775 1155 Quod
804 1114 866 1149 est
892 1111 1156 1157 impossibile.
1206 1110 1313 1155 Ergo
1341 1119 1423 1145 non
1452 1110 1515 1144 est
1540 1108 1789 1144 immortalis.
2022 1107 2054 1132 1⁵

463 1176 516 1210 16.
544 1174 643 1209 Item
668 1173 804 1209 anima
829 1170 1041 1207 rationalis
1071 1172 1134 1206 est
1168 1169 1302 1214 imago
1340 1168 1415 1203 Dei
1453 1168 1493 1203 in
1532 1167 1727 1212 quantum
1767 1167 1831 1202 est
1868 1175 2001 1211 capax

329 1234 415 1270 eius
428 1237 452 1269 4.
502 1233 667 1277 Triplex
687 1232 823 1268 autem
846 1231 909 1266 est
927 1230 1083 1275 imago:
1111 1227 1343 1269 creationis,
1364 1225 1634 1263 recreationis
1657 1227 1697 1262 et
1717 1224 2000 1262 similitudinis.

328 1293 464 1339 Imago
486 1291 706 1328 creationis
729 1291 792 1326 est
814 1290 855 1325 in
876 1288 1069 1334 potentiis
1097 1287 1370 1329 naturalibus;
1399 1286 1534 1331 imago
1560 1285 1831 1322 recreationis
1858 1284 1898 1320 in
1926 1284 2002 1319 vir-

327 1352 477 1388 tutibus
505 1350 746 1396 theologicis
759 1357 766 1392 ;
794 1349 928 1393 imago
951 1346 1223 1383 similitudinis
1242 1346 1282 1381 in
1301 1345 1428 1381 tribus
1448 1345 1622 1381 dotibus.
1674 1344 1754 1380 Sed
1775 1344 2001 1379 secundum

328 1411 547 1457 imaginem
568 1408 839 1447 similitudinis
861 1406 1134 1443 immediatius
1157 1405 1367 1441 ordinatur
1384 1404 1436 1440 ad
1458 1414 1574 1440 suum
1596 1403 1859 1449 imaginatum
1881 1412 2000 1447 quam
2022 1402 2055 1427 20

329 1470 554 1506 secundum
580 1465 1063 1514 imaginemnaturalem.
1113 1464 1218 1510 Ergo
1259 1464 1293 1499 si
1328 1464 1431 1499 haec
1468 1465 1531 1499 est
1557 1462 1828 1507 corruptibilis
1855 1461 2002 1507 imago,

331 1529 456 1565 multo
483 1527 626 1564 fortius
654 1525 861 1563 naturalis.

468 1588 521 1623 17.
549 1586 648 1622 Item
683 1585 819 1622 anima
855 1582 1112 1628 componitur
1151 1592 1204 1618 ex
1241 1581 1476 1627 principiis5
1504 1582 1544 1617 et
1580 1580 1837 1626 componitur
1874 1579 2002 1616 alteri.

330 1647 377 1682 Et
401 1647 512 1692 prius
541 1646 604 1682 est
630 1654 720 1681 eam
741 1644 782 1680 in
803 1653 849 1680 se
871 1642 1062 1688 componi
1081 1643 1121 1678 et
1141 1640 1290 1678 deinde
1312 1640 1503 1685 componi
1522 1640 1651 1676 alteri.
1692 1639 1773 1676 Sed
1793 1639 1834 1675 in
1857 1639 2003 1675 eodem

329 1716 409 1742 uno
446 1705 653 1741 destructo
692 1702 911 1749 posteriori
937 1701 1158 1738 destruitur
1195 1700 1342 1745 prius6,
1383 1700 1423 1735 et
1460 1699 1637 1735 maxime
1674 1698 1715 1734 in
1751 1698 2002 1744 dignioribus
2023 1698 2056 1723 ‘2⁵

331 1766 466 1801 rebus.
517 1763 628 1800 Sicut
654 1772 745 1798 cum
770 1763 892 1798 homo
920 1761 1058 1797 cessat
1086 1770 1181 1796 esse
1207 1760 1342 1800 homo,
1381 1759 1519 1794 cessat
1555 1768 1650 1794 esse
1689 1757 1849 1794 animal.
1899 1756 2004 1806 Ergo

331 1823 538 1860 destructa
565 1821 862 1866 compositione
889 1819 1051 1856 animae
1079 1828 1169 1854 cum
1195 1818 1274 1854 alio
1303 1818 1536 1854 destruetur
1560 1815 1803 1862 compositio
1841 1816 1927 1852 eius
1964 1816 2004 1851 in

332 1892 377 1918 se
403 1883 504 1927 ipsa.

470 1942 524 1977 18.
552 1939 651 1976 Item
671 1938 904 1976 differentia
923 1937 1089 1984 generis
1111 1936 1335 1982 superioris
1355 1935 1583 1980 aequaliter
1603 1935 1798 1971 convenit
1817 1934 2005 1971 omnibus

332 1999 535 2036 contentis
558 2000 638 2034 -sub
665 2007 819 2044 genere
831 2000 845 2023 ⁷
854 2005 861 2041 ;
889 2008 925 2033 v.
946 2006 1002 2042 gr.
1025 2006 1268 2041 corporeum
1289 1990 1483 2032 convenit
1509 1995 1619 2032 omni
1646 1994 1817 2040 corpori.
1867 1993 2004 2039 Arguo
2025 1994 2058 2019 30

333 2067 451 2105 ergo:
478 2058 573 2103 quia
599 2058 829 2094 substantia
855 2057 1045 2093 dividitur
1071 2065 1144 2101 per
1171 2055 1428 2100 corporalem
1456 2056 1496 2091 et
1517 2054 1780 2099 spiritualem,
1807 2053 1911 2090 sicut
1931 2062 2005 2089 ens

332 2118 522 2154 dividitur
547 2127 621 2163 per
647 2116 908 2162 corruptibile
942 2117 982 2152 et
1016 2114 1334 2160 incorruptibile,
1371 2123 1469 2159 ergo
1507 2114 1541 2149 si
1575 2113 1738 2158 aliquae
1774 2112 2005 2158 spirituales

332 2176 588 2213 substantiae
612 2177 705 2212 sunt
726 2175 1023 2221 corruptibiles
1050 2176 1093 2210 ut
1113 2174 1275 2210 animae
1294 2174 1515 2213 brutorum,
1544 2181 1642 2218 ergo
1663 2172 1758 2208 illud
1780 2171 2007 2216 aequaliter

333 2236 526 2273 convenit
552 2236 625 2277 his,
653 2245 758 2280 quae
786 2236 881 2271 sunt
906 2234 946 2270 in
973 2234 1170 2276 <eodem>
1195 2241 1361 2278 genere.
1757 2242 1802 2261 m

472 2296 526 2331 19.
553 2295 652 2331 Item
679 2294 873 2339 quidquid
895 2294 958 2330 est
978 2292 1191 2333 infinitum,
1218 2292 1343 2327 habet
1362 2289 1631 2335 aptitudinem
1651 2289 1862 2326 infinitam.
1899 2288 2004 2335 Ergo
2026 2286 2059 2314 35

332 2355 439 2399 quod
468 2355 531 2390 est
557 2353 774 2399 inaequale
801 2353 971 2393 infinito,
1005 2352 1129 2388 habet
1156 2350 1506 2387 defectibilitatem
1542 2349 1753 2385 infinitam.
1805 2348 1885 2385 Sed
1924 2357 2006 2383 non

474 2465 490 2496 1
518 2462 619 2504 Item]
649 2463 687 2502 —l—
716 2464 784 2497 erit
855 2460 1012 2502 tertiam]
1039 2462 1224 2494 aeternam
1346 2461 1364 2492 4
1401 2458 1585 2498 accidens]
1619 2459 1701 2498 alia,
1741 2458 1944 2499 corm'yitur
1967 2458 2008 2490 in

333 2518 423 2550 alius
490 2526 578 2558 ergo
600 2517 743 2558 quando
764 2515 907 2555 desinit]
933 2516 969 2554 -Ι-
988 2524 1076 2556 ergo
1096 2515 1240 2555 quando
1262 2514 1393 2547 desinit
1476 2513 1517 2545 14
1541 2511 1622 2551 erit]
1643 2513 1747 2545 erunt
1815 2511 1857 2544 20
1883 2511 2008 2552 imagi-

333 2567 427 2611 nem]
449 2571 687 2611 imaginorum
755 2571 795 2602 21
819 2567 1078 2609 corruptibilis]
1100 2568 1301 2608 corporalis
1322 2568 1358 2600 et
1425 2567 1467 2598 24
1489 2565 1607 2604 alteri]
1628 2566 1777 2598 alterius
1842 2565 1883 2597 32
1905 2563 2008 2605 ergo]

334 2623 371 2655 6⁰
450 2623 492 2656 36
521 2622 631 2663 quod]
658 2631 752 2663 quae

474 2728 487 2751 1
513 2729 584 2762 Cfr.
611 2729 859 2768 Avicenna‚
886 2729 942 2761 VI.
969 2729 1046 2761 Nat.
1074 2729 1097 2767 Ι,
1126 2728 1156 2766 3,

474 2781 491 2823 2
515 2782 677 2823 Metaph.
704 2782 758 2821 IX,
788 2782 829 2814 10
856 2780 910 2821 (Χ,
937 2782 1025 2814 text.
1053 2780 1121 2820 26).
1264 2778 1279 2801 3
1302 2779 1356 2812 De
1381 2779 1483 2812 eaelo
1509 2779 1532 2817 I,
1560 2780 1578 2811 7
1606 2778 1709 2817 (text.
1739 2777 1806 2815 57).

474 2835 488 2856 4
514 2836 636 2876 Aug.,
663 2835 715 2868 De
744 2835 841 2867 Trin.
868 2834 956 2874 XIV,
985 2834 1004 2866 8
1031 2832 1102 2872 (PL
1129 2833 1182 2872 42,
1212 2833 1312 2871 1044,
1338 2841 1371 2865 n.
1401 2831 1469 2871 11).

476 2888 490 2910 5
516 2888 607 2921 Vide
632 2888 727 2920 infra
754 2888 893 2928 quaest.
920 2887 1023 2919 XXV.

473 2940 488 2962 6
514 2941 583 2973 Cfr.
613 2941 736 2980 „Prius
763 2941 829 2979 est,
856 2941 887 2972 si
913 2941 969 2972 est
994 2937 1210 2980 posterius“.
1255 2938 1364 2978 Phys.
1391 2938 1420 2970 V
1447 2936 1549 2977 (text.
1577 2946 1667 2970 com.
1696 2936 1762 2975 13).
1802 2937 1891 2969 Vide
1917 2937 2010 2969 infra

338 3003 372 3035 p.
402 2994 455 3034 16,
481 2995 553 3026 not.
583 2994 613 3026 2.

476 3045 490 3068 ⁷
517 3047 585 3079 Cfr.
613 3047 762 3085 Arist,
794 3047 879 3087 Top.
906 3046 962 3086 IV,
991 3046 1019 3078 1.
