2095 3459
324 191 391 224 180
841 189 1019 225 Johannis
1046 191 1212 225 Pechami
1239 184 1489 230 Quaestiones.

323 288 476 324 nostris
503 289 642 334 iugum
668 289 891 333 voluptatis
913 290 954 325 et
973 289 1071 325 irae.
1108 289 1155 325 Et
1182 290 1387 326 concludit
1413 290 1521 335 quod
1548 299 1631 325 non
1656 289 1853 325 liberatur
1877 286 1998 323 homo

322 348 373 383 ab
402 348 480 383 hoc
506 348 672 389 mundo,
711 347 791 383 nisi
817 349 1090 393 posteaquam
1124 349 1234 385 totus
1272 359 1499 394 suspensus
1533 349 1584 384 ab
1611 348 1690 384 alio
1717 348 1868 384 mundo
1897 347 2000 383 desi-

323 406 438 442 derat
465 407 574 450 quod
599 407 664 442 est
689 406 745 442 ibi
771 408 812 442 et
837 416 955 442 amor
981 416 1134 449 eorum,
1161 416 1267 452 quae
1295 408 1390 443 sunt
1415 408 1480 448 ibi,
1506 408 1694 443 removet
1720 416 1813 442 eum
1834 405 1999 442 omnino

322 475 346 500 a
373 465 709 501 consideratione
738 465 839 507 eius,
867 466 976 510 quod
1005 467 1068 501 est
1093 467 1188 511 post
1214 475 1270 502 se.
1321 466 1433 502 Haec
1457 466 1721 502 Avicenna.

463 524 515 559 10.
542 523 605 559 Ad
633 524 836 562 decimum
863 525 1081 560 dicendum
1108 534 1181 569 per
1200 525 1570 570 interemptionem,
1598 525 1790 570 quoniam
1810 524 2001 560 voluntas
2021 530 2036 555 5

322 592 398 619 seu
424 582 596 618 liberum
622 583 834 619 arbitrium
863 584 927 619 est
953 583 1196 620 altissimum
1236 585 1310 620 sub
1337 584 1424 620 Deo
1438 586 1461 620 1.
1512 584 1596 620 Nec
1633 584 1823 620 movetur
1859 584 1911 619 ab
1945 583 2002 619 in—

322 642 489 677 tellectu
514 642 681 686 proprie
710 644 751 678 et
776 642 1070 687 principaliter,
1110 643 1179 688 qui
1215 644 1278 679 est
1313 644 1481 688 passiva
1515 643 1656 684 virtus,
1696 643 1883 687 quamvis
1920 652 2003 678 mo-

321 702 467 736 veatur
505 710 530 736 a
568 701 805 737 desiderato
845 702 1053 738 mediante
1090 702 1311 738 intellectu.
1361 702 1486 738 Immo
1514 702 1791 747 principaliter
1816 703 2003 737 movetur

321 760 493 795 liberum
519 760 730 796 arbitrium
757 770 781 796 a
808 770 855 796 se
884 770 937 796 ex
965 761 1186 797 occasione
1213 761 1457 797 intellectus.
1507 761 1625 797 Unde
1660 762 1826 806 praeter
1860 771 2003 806 appre-

322 818 567 855 hensionem
593 819 828 855 intellectus
856 823 977 864 (per)
1003 820 1177 856 liberum
1203 820 1414 856 arbitrium
1441 821 1566 856 habet
1589 820 1778 856 voluntas
1805 820 1896 865 ipsa
1920 830 2003 856 mo·
2025 824 2056 849 ¹0

321 877 409 913 veri
446 878 498 913 ad
537 878 595 919 id,
641 879 750 923 quod
789 879 1096 923 apprehensum
1129 880 1240 921 <est>
1276 879 1327 915 ab
1369 879 1577 915 intellectu
1616 879 1682 915 vel
1718 889 1799 915 non
1836 880 2003 915 moveri.

322 936 522 972 Voluntas
550 938 688 972 autem
715 938 855 973 movet
881 938 1133 973 intellectum
1172 939 1212 973 et
1247 938 1349 974 alias
1377 938 1499 980 vires,
1539 938 1644 974 sicut
1679 938 1827 974 caritas
1864 940 2003 975 movet

323 1005 468 1031 omnes
496 995 682 1032 virtutes.

462 1054 772 1090 Desiderantu‘r
796 1056 1030 1091 solutiones
1055 1056 1113 1091 ad
1139 1056 1297 1092 obiecta
1323 1057 1483 1092 11.—14.

462 1175 473 1197 ¹
500 1177 600 1209 Haec
627 1178 812 1209 sententia
837 1187 860 1210 a
894 1187 924 1210 s.
960 1178 1278 1210 Bonaventura
1313 1179 1395 1210 divo
1430 1179 1659 1211 Bernardo
1686 1180 1900 1212 attribuitur.
1950 1179 2002 1213 De

323 1238 396 1269 qua
421 1238 460 1262 re
487 1230 657 1262 videatur
683 1231 780 1270 apud
807 1231 981 1269 Bouav,
1012 1231 1077 1272 Op.
1106 1240 1206 1264 omn.
1234 1232 1271 1271 ΙΙ,
1302 1233 1377 1270 115,
1404 1233 1477 1264 not.
1505 1232 1535 1264 6.
