2095 3459
794 175 966 212 Quaestio
993 175 1109 208 XVIII.
1726 171 1791 207 157

107 270 201 306 ideo
228 270 373 306 dicitur
399 271 621 316 spirituale.
649 271 744 316 quia
770 272 926 317 spiritui
953 272 1075 317 plene
1103 272 1179 308 erit
1206 272 1444 308 subiectum.
1494 271 1541 307 Et
1566 271 1661 308 ideo
1691 271 1789 307 nihil

109 329 346 374 operabitur
366 330 549 366 exterius
572 330 650 366 nisi
671 332 897 367 secundum
918 332 1056 367 nutum
1078 332 1250 367 animae.
1290 330 1408 367 Unde
1428 331 1578 376 poterit
1599 332 1640 367 et
1659 330 1789 376 potuit

110 388 303 425 claritatis
332 398 434 425 suae
461 390 600 425 radios
628 390 791 434 penitus
819 391 1013 427 cohibere
1040 391 1107 426 vel
1134 392 1447 435 contemperare
1482 390 1549 426 vel
1577 390 1697 426 etiam
1725 399 1791 425 co-

109 447 238 484 lorem
271 457 388 484 suum
424 449 739 493 pulcherrimum
772 450 995 486 ostendere
1034 450 1098 498 vel
1135 450 1318 486 inferiori
1353 450 1486 486 modo.
1538 449 1649 485 Sicut
1680 449 1793 485 color

73 507 351 543 5naturaliter
387 508 531 543 fortius
570 509 709 544 movet
742 510 782 544 et
817 509 919 544 alius
958 510 1130 554 apparet
1167 509 1207 544 in
1240 509 1391 545 lumine
1431 509 1554 545 solari
1593 518 1714 553 quam
1752 508 1791 543 in

110 566 261 602 lumine
289 567 500 603 candelae.
550 567 675 603 Immo
698 567 801 604 sicut
822 568 968 604 collum
990 568 1204 604 columbae
1226 577 1281 604 ex
1308 569 1472 604 diverso
1499 569 1671 613 aspectu
1691 566 1794 603 radii

111 625 257 661 solaris
284 626 452 662 alterius
481 627 522 662 et
547 627 715 663 alterius
752 627 901 663 coloris
934 629 1116 672 apparet,
1150 627 1206 664 ita
1233 628 1355 664 etiam
1382 637 1530 672 corpus
1556 627 1794 674 gloriosum,

112 695 162 722 eo
188 686 279 731 ipso
307 695 386 731 quo
414 687 667 731 temperatur
701 696 775 731 per
811 686 1005 731 spiritum,
1037 687 1318 723 radiositatem
1349 688 1560 723 retrahere
1588 687 1654 724 vel
1679 687 1793 723 varie

112 747 343 790 temperare
370 746 509 790 potest
528 747 617 788 <et>
638 755 684 781 se
700 746 775 782 sub
791 746 966 782 diversis
994 747 1216 782 ostendere
1247 747 1464 783 coloribus.
1502 747 1602 782 Item
1626 747 1721 791 quia
1741 756 1794 782 ex

60 813 92 839 10
111 805 350 841 diversitate
365 804 640 841 reflexionum
654 805 872 846 radiorum,
887 805 954 841 Vel
971 805 1013 841 in
1033 805 1210 850 speculis
1232 806 1297 841 vel
1313 806 1354 842 in
1370 806 1545 842 diversis
1567 806 1794 851 diaphanis‚

118 864 250 909 ipsum
265 864 374 909 quod
389 864 562 906 videtur,
577 866 749 910 apparet
763 864 983 909 aliquando
999 865 1141 907 maius,
1156 865 1376 910 aliquando
1391 865 1536 907 minus,
1551 866 1794 915 <aliquando

112 923 415 970 propinquius),
442 924 663 969 aliquando
684 924 891 966 remotius,
909 924 1130 969 aliquando
1151 924 1351 969 superius,
1372 924 1592 970 aliquando
1614 925 1795 966 inferius,

113 984 261 1028 potest,
288 984 332 1019 ut
368 983 506 1024 credo,
546 992 695 1028 corpus
730 982 964 1028 gloriosum,
1003 983 1125 1019 immo
1177 983 1341 1028 spiritus
1387 984 1571 1029 corporis
1616 984 1796 1030 gloriosi,

116 1043 339 1078 ostendere
366 1051 516 1087 corpus
544 1051 672 1084 suum,
711 1042 752 1077 in
789 1051 835 1078 se
861 1042 1025 1087 penitus
1061 1052 1144 1078 non
1171 1043 1379 1084 mutatum,
1408 1043 1474 1079 vel
1499 1043 1542 1079 in
1568 1043 1795 1088 quantitate

64 1116 95 1140 15
115 1112 265 1149 magna
290 1102 357 1139 vel
382 1111 522 1147 parva,
549 1102 616 1138 vel
641 1102 871 1147 propinque
907 1102 973 1138 vel
999 1102 1134 1147 longe,
1169 1103 1212 1137 ut
1238 1101 1314 1138 sibi
1347 1102 1546 1147 placuerit
1572 1102 1796 1139 declarare.

114 1162 298 1199 Christus
324 1162 446 1208 igitur
483 1161 766 1207 dispensative
802 1162 1020 1198 abscondit
1058 1161 1283 1198 claritatem
1322 1171 1450 1203 suam,
1488 1162 1594 1207 quia,
1626 1163 1669 1197 ut
1700 1161 1797 1198 dicit

115 1222 421 1268 Augustinus
447 1222 508 1258 De
533 1221 614 1258 Civ.
641 1221 783 1258 XXII.1
810 1223 851 1258 et
876 1221 941 1257 Ad
967 1221 1209 1258 Orosiumzs
1242 1220 1498 1265 „Claritatem
1530 1221 1686 1267 gloriae
1713 1231 1795 1257 non

115 1282 320 1327 potuisset
346 1281 552 1317 sustinere
581 1281 783 1317 humanus
812 1282 936 1326 atque
962 1280 1148 1317 infirmus
1174 1281 1403 1325 aspectus.“
1439 1280 1523 1317 Nec
1543 1281 1622 1317 hoc
1643 1281 1797 1323 mirum,

117 1351 208 1377 cum
235 1341 393 1377 dicatur
411 1341 537 1376 Exod.
557 1341 602 1377 34
622 1341 731 1383 <29>:
754 1340 995 1386 „Ignorabat
1014 1339 1193 1385 Moyses,
1215 1340 1324 1385 quod
1346 1341 1518 1376 cornuta
1539 1341 1652 1377 esset
1670 1340 1800 1377 facies

64 1411 98 1435 20
118 1401 206 1437 eius
235 1410 288 1436 ex
315 1400 525 1437 consortio
558 1399 762 1436 sermonis
795 1399 991 1436 Domini.“
1043 1399 1229 1436 Glossa32
1264 1399 1311 1443 ,,Ι.
1339 1409 1373 1436 e.
1400 1400 1644 1445 quibusdam
1675 1400 1800 1436 radiis

119 1459 363 1505 splendoris,
390 1469 493 1505 quos
519 1459 722 1495 humanus
748 1458 862 1495 visus
881 1461 894 1501 11
911 1459 1021 1495 ferre
1047 1468 1131 1495 non
1156 1460 1351 1504 poterat.“
1821 1464 1885 1496 fol.
1905 1464 2010 1496 34va

259 1520 290 1555 2.
317 1519 380 1555 Ad
407 1519 635 1555 secundum
667 1518 934 1561 <dicendum>
960 1519 1070 1563 quod
1101 1517 1253 1563 aliquid
1278 1518 1441 1555 videtur
1466 1518 1698 1563 dupliciter:
1725 1519 1802 1556 Vel

120 1578 215 1624 quia
234 1578 348 1614 visus
375 1578 416 1614 in
454 1578 545 1623 ipso
582 1577 757 1614 faciliter
794 1576 939 1623 figitur.
989 1577 1037 1613 Et
1064 1577 1123 1613 sic
1156 1577 1217 1613 sol
1256 1587 1340 1613 non
1377 1577 1549 1614 videtur.
1599 1577 1677 1614 Vel
1707 1578 1802 1623 quia

120 1638 213 1674 visu
244 1637 480 1674 advertitur.
530 1636 578 1673 Et
613 1636 672 1673 sic
703 1637 842 1682 potest
876 1637 1007 1673 videri
1043 1637 1116 1673 sol.
1165 1635 1213 1673 Et
1249 1636 1308 1673 sic
1342 1637 1473 1682 potuit
1506 1637 1639 1673 videri
1672 1636 1801 1674 facies

67 1704 101 1730 25
121 1696 268 1733 Christi
301 1697 344 1733 in
369 1695 745 1742 transfiguratione.

260 1757 293 1792 3.
319 1756 382 1792 Ad
408 1755 571 1792 tertium
598 1755 816 1791 dicendum
848 1755 957 1800 quod
992 1765 1076 1792 non
1103 1756 1167 1792 est
1200 1755 1268 1792 iIIa
1303 1756 1393 1792 sola
1425 1756 1541 1798 ratio,
1577 1765 1704 1801 quare
1740 1757 1802 1793 sol

121 1815 253 1851 videri
277 1825 360 1851 non
386 1815 525 1860 potest
550 1815 602 1851 ab
624 1814 742 1850 oculo
763 1814 951 1856 hominis,
972 1814 1067 1860 quia
1086 1815 1170 1861 agit
1190 1815 1242 1851 ad
1267 1815 1570 1861 corruptionem
1591 1816 1631 1852 et
1650 1816 1803 1861 pupilla

121 1874 191 1911 illa
216 1875 279 1910 est
304 1874 473 1910 multum
498 1873 706 1919 passibilis
734 1874 775 1910 et
799 1883 875 1919 per
905 1874 1061 1910 tantam
1097 1874 1324 1910 claritatem
1349 1874 1623 1920 perspicuitas
1651 1874 1804 1921 disgre-

122 1934 242 1979 gatur
268 1934 309 1969 et
328 1933 543 1969 turbantur
563 1932 726 1978 species
749 1933 789 1969 et
809 1932 1098 1975 disturbantur,
1119 1933 1193 1969 sed
1213 1933 1385 1976 <etiam>
1403 1933 1499 1979 quia
1523 1934 1652 1970 virtus
1673 1933 1806 1970 visiva

71 2000 105 2025 30
125 1993 188 2028 est
213 1992 254 2028 in
280 1992 457 2038 quadam
482 1991 705 2028 medietate
732 1991 966 2028 consistens
988 1992 1029 2028 et
1049 1992 1162 2028 certa
1180 1992 1447 2037 proportione
1468 1993 1520 2029 ad
1539 1992 1692 2029 formas
1711 1993 1805 2029 visi-

124 2051 241 2088 biles,
289 2050 409 2088 Unde
434 2051 555 2088 nimis
580 2060 709 2096 parva
734 2051 804 2087 aut
829 2051 949 2087 nimis
976 2052 1152 2088 obscura
1177 2061 1260 2088 non
1286 2051 1456 2088 videret.
1504 2051 1552 2088 Et
1577 2052 1672 2088 ideo
1700 2052 1806 2088 simi-

125 2110 217 2146 liter
241 2110 283 2146 in
309 2111 496 2146 extremo
523 2109 719 2146 claritatis
746 2109 988 2146 excedentis
1008 2119 1093 2146 non
1118 2111 1256 2156 potest
1275 2110 1405 2156 figere
1426 2112 1639 2156 aspectum
1665 2114 1807 2156 <prop-

126 2170 213 2211 ter>
251 2178 472 2205 excessum
510 2169 551 2205 et
587 2168 954 2214 improportionem
990 2170 1182 2214 respectu
1219 2169 1464 2211 medietatis,
1498 2170 1539 2205 in
1578 2179 1659 2214 qua
1695 2169 1807 2215 viget

127 2228 257 2264 virtus
282 2227 426 2264 visiva.

75 2294 109 2319 35
267 2287 300 2322 4.
327 2286 391 2323 Ad
417 2287 604 2331 quartum
641 2286 859 2322 dicendum
897 2285 1007 2330 quod
1049 2286 1121 2322 lux
1156 2287 1220 2323 est
1256 2286 1422 2331 propria
1455 2285 1588 2323 forma
1621 2286 1807 2332 corporis

129 2345 335 2391 simplicis.
385 2345 565 2390 Propria,
609 2344 787 2389 inquam,
821 2344 916 2389 quia
953 2344 1147 2381 convenit
1185 2345 1368 2390 simplici,
1406 2354 1484 2382 nec
1521 2346 1660 2382 tamen
1698 2345 1807 2381 omni

130 2404 313 2449 simplici,
339 2404 382 2440 ut
407 2413 491 2440 non
516 2404 663 2445 terrae,
690 2413 823 2448 aquae
852 2404 892 2439 et
916 2403 1014 2439 aeri.
1063 2403 1146 2440 Nec
1173 2403 1295 2439 etiam
1316 2404 1510 2440 convenit
1529 2404 1605 2440 soli
1626 2404 1808 2449 simplici,

129 2462 253 2509 immo
279 2463 451 2506 <etiam>
476 2462 624 2498 mixtis.
674 2462 886 2503 Quaedam
922 2462 1031 2498 enim
1055 2462 1185 2498 mixta
1210 2464 1305 2498 sunt
1331 2463 1441 2499 clara
1466 2463 1508 2498 et
1541 2463 1734 2506 colorata,
1766 2464 1810 2498 ut

131 2521 312 2565 metalla;
340 2522 543 2567 quaedam
569 2521 692 2557 etiam
717 2521 856 2557 lucent
880 2521 922 2557 in
950 2520 1142 2563 tenebris,
1169 2530 1276 2566 quae
1304 2521 1427 2557 etiam
1447 2521 1630 2558 colorata
1656 2521 1750 2557 sunt
1770 2521 1811 2557 et

79 2588 113 2614 40
133 2580 355 2616 ostendunt
368 2580 550 2616 colorem
567 2580 610 2615 in
628 2579 719 2617 luce
741 2579 851 2621 solis,
874 2580 918 2615 ut
937 2580 1140 2624 quaedam
1159 2579 1296 2615 mivua
1310 2579 1533 2615 animantia
1552 2580 1593 2616 et
1613 2589 1809 2624 squamae

132 2638 305 2684 piscium
332 2639 373 2675 et
399 2639 603 2684 quaedam
627 2638 789 2683 putrida
815 2639 862 2674 et*
883 2638 1085 2683 quaedam
1111 2638 1201 2674 alia.
1250 2637 1298 2674 Et
1324 2638 1420 2683 quia
1450 2637 1602 2674 nullum
1633 2638 1811 2674 elemen-

275 2736 295 2768 4
322 2735 434 2775 color]
460 2737 561 2769 calor
650 2736 670 2768 6
697 2734 757 2775 ex]
786 2735 824 2773 -l—
854 2744 901 2768 ex
988 2736 1007 2767 8
1033 2735 1268 2776 temperatur]
1294 2737 1439 2776 tempus
1525 2736 1566 2768 15
1593 2734 1810 2776 propinque]

136 2789 285 2830 proprie
382 2789 424 2821 18
451 2788 645 2828 sustinere]
671 2789 888 2821 sustinuisse
997 2788 1040 2821 29
1066 2787 1197 2827 visiva]
1222 2789 1316 2821 visui
1417 2789 1459 2820 31
1487 2787 1654 2826 obscura]
1684 2787 1720 2825 -i-
1751 2789 1812 2820 aut

137 2842 179 2874 41
208 2841 400 2882 quaedam]
428 2843 578 2883 quartus

277 2934 291 2957 1
316 2936 418 2974 XXII,
446 2936 488 2968 19
516 2931 587 2978 (PL
613 2936 667 2975 41,
695 2935 760 2968 781
786 2944 820 2968 n.
847 2934 894 2975 2).

277 2987 292 3010 2
317 2988 504 3028 Dialoyus
531 2989 804 3028 Quaestionum
828 2987 929 3026 LXV,
957 2996 990 3028 q.
1020 2987 1061 3019 14
1088 2985 1158 3025 (PL
1184 2986 1237 3025 40,
1265 2984 1357 3024 738).

278 3039 293 3062 3
320 3041 456 3074 Glossa
480 3041 748 3074 interlinearis.
