2095 3459
807 236 978 273 Quaestio
1005 236 1105 269 XVII.
1721 230 1788 266 149

254 331 308 367 20.
346 331 407 367 Ad
435 331 674 368 vicesimum
709 332 925 369 dicendum
961 333 1068 377 quod
1104 332 1270 378 agentia
1305 342 1388 368 non
1415 331 1610 367 inducunt
1633 330 1787 367 formas

116 398 212 425 suas
238 389 326 431 <in>
352 389 520 426 instanti
545 391 585 426 in
613 391 784 427 materia
809 392 1088 432 transmutata,
1126 391 1205 427 nisi
1243 391 1338 436 quia
1377 391 1510 426 motus
1549 388 1788 435 praecessit,

116 457 237 493 quem
263 449 430 485 mutatio
459 451 724 486 consummat.
774 450 945 486 Diffusio
972 451 1109 486 autem
1134 449 1238 485 radii
1258 449 1323 485 vel
1344 448 1500 494 speciei
1521 458 1603 484 non
1624 449 1706 484 tam
1727 448 1791 484 est

117 507 302 552 operatio
330 517 451 553 quam
489 509 801 545 instrumentum
838 509 1072 554 operandi1.
1121 508 1190 544 Est
1228 508 1336 544 enim
1375 507 1470 553 quid
1508 506 1790 543 intentionale⁹

81 578 97 602 ⁵
116 575 199 602 non
218 575 390 603 manens
412 568 486 604 sed
505 568 624 610 fiens,
651 567 915 604 inflammatio
936 568 1073 604 autem
1097 567 1163 604 vel
1184 567 1320 612 aliqua
1339 566 1625 603 transmutatio
1647 574 1791 602 conse-

117 634 247 670 quens
275 626 339 661 est
364 626 561 671 operatio.

257 685 311 720 21.
342 684 404 721 Ad
431 685 670 722 vicesimum
695 686 867 731 primum
894 685 1111 721 dicendum
1138 685 1245 729 quod
1273 684 1437 730 spiritus
1466 684 1681 729 separatus
1708 692 1793 719 non

118 744 312 788 operatur
336 743 377 779 in
403 744 646 780 aeternitate
674 744 752 780 nisi
776 744 1039 789 operationes
1061 753 1157 779 suas
1179 743 1395 780 continuas
1417 744 1458 779 et
1477 743 1683 783 aeternas,
1709 751 1792 778 non

119 802 349 838 exteriores
376 802 414 838 in
443 804 640 848 tempore,
668 804 710 838 ut
736 803 857 839 docet
882 802 1207 848 Augustinus,
1233 802 1299 838 Ad
1325 801 1558 838 Orosium2.

68 871 100 896 10
260 862 314 897 22.
341 861 402 898 Ad
429 862 670 898 vicesimum
697 861 923 898 secundum
950 861 1168 898 dicendum
1194 862 1413 906 quod-non
1440 861 1503 896 est
1530 860 1672 900 simile,
1699 859 1795 904 quia

119 920 254 956 motus
281 920 477 956 naturalis
506 930 589 957 non
626 921 689 957 est
723 920 803 956 nisi
839 930 930 957 cum
964 920 1234 966 generatione
1272 921 1312 956 et
1346 919 1620 964 corruptione,
1659 919 1794 954 motus

119 979 257 1015 autem
282 979 424 1016 localis
451 980 504 1015 ad
529 979 826 1024 perfectionem
852 979 1040 1025 pertinet.

257 1037 509 1084 Argumenta
534 1039 575 1074 in
602 1038 850 1075 contrarium
875 1038 1053 1074 adducta
1077 1039 1252 1083 possunt
1284 1037 1458 1074 concedi
1494 1036 1681 1082 exceptis
1717 1036 1794 1072 illis

120 1105 225 1142 quae
251 1096 399 1133 falsum
425 1098 673 1134 concludunt
699 1097 804 1133 sicut
828 1097 991 1133 tertium
1003 1099 1027 1133 3.
1076 1097 1166 1133 Non
1202 1096 1312 1133 enim
1347 1096 1535 1132 movetur
1569 1095 1793 1141 gloriosum

69 1171 100 1197 15
120 1156 224 1192 sicut
249 1165 333 1192 non
367 1156 602 1202 gloriosum.
651 1156 974 1201 Perceptibilitas
1014 1156 1122 1192 enim
1160 1155 1320 1192 mobilis
1347 1155 1413 1191 vel
1452 1154 1574 1200 spatii
1611 1164 1695 1191 non
1731 1155 1796 1190 est

119 1224 246 1251 causa
264 1216 398 1251 motus
419 1215 498 1251 nisi
517 1215 724 1257 naturalis,
744 1215 824 1251 alia
844 1216 907 1252 est
927 1224 1054 1251 causa
1074 1214 1274 1256 efficiens,
1296 1215 1337 1251 et
1356 1214 1452 1250 inde
1473 1213 1645 1250 materia
1665 1213 1794 1260 magis

118 1273 351 1310 habilitatur
375 1274 417 1310 in
444 1284 616 1319 corpore
642 1274 835 1321 glorioso,
861 1275 904 1310 ut
929 1274 1063 1310 visum
1089 1275 1153 1310 est
1163 1276 1188 1310 ⁴¹.

260 1333 452 1370 Similiter
485 1334 538 1370 ad
572 1334 783 1379 quartum5
818 1333 1035 1370 dicendum
1068 1333 1177 1379 quod
1211 1342 1307 1378 pars
1344 1332 1530 1368 diametri
1557 1332 1623 1368 vel
1654 1332 1794 1377 partes

119 1392 217 1428 nihil
241 1392 403 1428 faciunt
415 1393 612 1429 sensibile
632 1393 826 1438 respectu
844 1392 1004 1428 virtutis
1025 1391 1361 1438 supernaturalis,
1387 1391 1573 1436 quamvis
1595 1390 1796 1433 facia<n>t

68 1470 102 1495 20
121 1451 273 1497 aliquid
299 1451 496 1488 sensibile
522 1453 714 1497 respectu
740 1451 899 1488 virtutis
926 1451 1134 1488 naturalis.

259 1510 322 1547 Ad
340 1513 353 1554 ΙΙ
372 1510 580 1556 quintumss
605 1511 822 1547 dicendum
848 1511 956 1556 quod
995 1510 1178 1547 Christus
1217 1510 1257 1546 in
1296 1509 1495 1555 principio
1533 1509 1792 1546 ascensionis
1815 1526 1876 1559 rol.
1903 1527 2006 1559 33²‘b

121 1579 222 1606 suae
248 1570 493 1615 temperavit
526 1571 679 1606 motum
714 1579 843 1611 suum,
881 1570 925 1605 ut
962 1570 1076 1606 esset
1113 1569 1322 1614 discipulis
1361 1568 1662 1614 conspicabilis.
1714 1569 1795 1605 Sed

120 1630 338 1674 postquam
362 1630 597 1674 assumptus
624 1630 688 1665 est
711 1629 754 1665 in
778 1630 941 1670 nubem,
969 1638 1126 1665 summa
1151 1628 1371 1664 velocitate
1398 1627 1596 1664 ascendit.

259 1687 323 1724 Ad
349 1689 513 1724 sextum
538 1688 755 1724 dicendum
781 1688 890 1733 quod
916 1687 1064 1733 corpus
1099 1687 1323 1733 gloriosum
1357 1687 1496 1732 potest
1530 1687 1688 1723 moveri
1722 1696 1797 1732 per

68 1770 102 1796 25
122 1756 278 1793 organa
303 1748 345 1784 et
370 1747 459 1784 sine
486 1747 661 1793 organis.
710 1747 800 1783 Non
826 1747 936 1783 enim
962 1746 1145 1783 Christus
1171 1745 1360 1783 ascendit
1384 1746 1559 1791 pedibus
1587 1746 1683 1782 suis.

261 1806 486 1852 Septimum
512 1807 554 1843 et
578 1808 769 1843 octavum
795 1805 969 1843 concedi
992 1806 1176 1851 possunt.

260 1865 324 1902 Ad
349 1875 503 1902 nonum
528 1865 746 1902 dicendum
772 1866 880 1911 quod
906 1866 1038 1902 motor
1072 1865 1226 1911 primus
1266 1866 1306 1901 et
1343 1864 1551 1901 increatus
1590 1864 1722 1900 influit
1755 1864 1796 1900 in

123 1934 288 1961 omnem
325 1926 506 1961 creatam
543 1925 768 1961 essentiam
805 1924 1110 1961 manutenendo
1149 1924 1292 1970 ipsam.
1354 1923 1562 1969 Alioquin,
1603 1923 1708 1960 sicut
1745 1923 1796 1960 de

122 1983 247 2020 nihilo
273 1983 382 2021 facta
407 1985 481 2026 est,
507 1994 605 2021 mox
630 1984 784 2020 rediret
808 1984 850 2020 in
876 1983 1054 2020 nihilum.
1105 1983 1186 2020 Sed
1211 1983 1252 2019 in
1279 1983 1490 2019 creaturas
1517 1982 1795 2029 intelligentes

70 2063 105 2089 30
123 2043 213 2089 ipse
237 2042 370 2079 influit
395 2043 619 2089 dupliciter,
657 2053 740 2080 non
765 2044 921 2080 tantum
948 2044 991 2079 ut
1017 2043 1280 2089 egredientes
1306 2043 1358 2079 ab
1387 2051 1449 2084 eo,
1488 2042 1563 2078 sed
1596 2041 1719 2078 etiam
1754 2043 1797 2077 ut

123 2102 404 2148 ingredientes
430 2103 471 2139 in
505 2103 639 2148 ipsum
675 2112 749 2149 per
784 2103 1047 2148 operationes
1082 2101 1428 2147 perfectissimas:
1467 2101 1701 2142 memoriae,
1740 2100 1797 2136 in-

123 2161 375 2208 telligentiae
396 2163 437 2198 et
456 2162 688 2199 voluntatis.
722 2162 770 2199 Et
789 2162 869 2199 ista
889 2163 955 2198 est
973 2171 1079 2207 quae
1100 2161 1329 2208 glorificata
1349 2169 1524 2205 corpora
1542 2169 1617 2205 per
1636 2159 1795 2196 medios

125 2221 290 2267 spiritus
317 2221 453 2258 elevat
478 2231 602 2267 super
627 2222 824 2258 naturam.
874 2221 964 2258 Non
988 2221 1045 2257 ita
1071 2221 1135 2257 est
1159 2220 1202 2256 in
1227 2219 1330 2256 aliis.

266 2333 284 2365 7
311 2332 522 2366 vicesimum
543 2332 708 2374 primum]
734 2333 781 2365 ad
802 2333 843 2365 12
905 2330 1111 2372 separatus]
1138 2331 1282 2364 creatus
1357 2330 1398 2362 12
1425 2328 1594 2371 pertinet]
1621 2329 1821 2363 additur:

126 2385 172 2418 ad
209 2385 264 2418 23.
301 2387 419 2427 patet;
456 2386 522 2419 sed
557 2386 744 2419 instantia
781 2384 835 2418 23.
875 2385 1110 2418 desideratur
1129 2393 1168 2425 p.
1199 2384 1265 2416 138
1380 2384 1422 2415 14
1461 2381 1617 2421 tertium]
1657 2382 1798 2414 lacuna

127 2439 170 2471 16
195 2438 291 2479 inde]
317 2435 366 2481 (?)
462 2440 505 2472 18
532 2438 711 2480 quartum]
739 2439 780 2471 14
807 2440 841 2472 et
865 2439 918 2471 sic
942 2438 1114 2478 deinceps
1138 2445 1258 2477 usque
1284 2437 1335 2469 ad
1360 2437 1381 2469 6
1408 2435 1480 2475 (16)
1508 2436 1594 2468 incl.
1677 2435 1718 2467 19
1745 2435 1797 2466 fa-

126 2491 236 2532 ciunt]
261 2493 348 2525 facit
417 2492 601 2534 respectu]
626 2493 721 2525 unde
816 2492 859 2525 30
885 2490 978 2532 ipse]
1003 2491 1122 2532 ipsum

266 2600 279 2622 ¹
306 2601 375 2634 Cir.
401 2601 545 2640 Arist.‚
571 2600 624 2633 De
647 2600 788 2633 Anima
810 2599 865 2638 ΙΙΙ,
894 2599 947 2631 13.
1088 2596 1102 2619 2
1129 2597 1215 2638 Cap.
1237 2598 1256 2629 5
1277 2605 1381 2637 seqq.
1410 2592 1482 2639 (PL
1502 2596 1555 2635 42,
1578 2597 1643 2628 672
1665 2595 1796 2636 seqq).

265 2654 281 2676 3
306 2654 423 2695 Supra
447 2662 532 2695 pag.
560 2654 636 2686 139.
777 2652 792 2675 4
817 2653 935 2693 Supra
959 2661 1042 2693 pag.
1071 2649 1148 2684 139.

267 2708 282 2730 5
307 2707 425 2749 Supra
449 2716 534 2749 pag.
563 2707 639 2740 139.
779 2704 795 2727 6
820 2706 938 2746 Supra
961 2713 1045 2746 pag.
1073 2704 1149 2736 139.
