2095 3459
751 181 924 218 Quaestio
950 183 1096 215 XXXIII.
1697 180 1762 216 207

90 277 343 324 impossibile
378 278 442 314 est
477 279 585 322 quod
624 278 675 314 ad
713 279 828 323 plura
865 289 1020 325 genere
1061 281 1284 317 secundum
1324 281 1432 317 idem
1471 290 1516 317 se
1557 281 1762 317 extendat.

90 337 336 373 Necessaria
371 346 469 383 ergo
507 337 584 373 sibi
618 337 691 374 fuit
717 341 731 382 11
759 339 1031 383 potentiarum
1060 341 1100 376 et
1126 340 1270 376 virIum
1298 340 1514 376 diversitas
1543 341 1766 376 secundum
1786 342 1846 375 rol.
1868 343 1973 374 21ra

89 395 363 432 differentiam
391 396 657 432 obiectorum.
697 397 777 433 Sed
804 398 907 434 ratio
936 400 976 434 et
1002 399 1191 435 voluntas
1213 400 1403 436 diversae
1425 401 1519 435 sunt
1537 399 1746 444 potentiae
1756 408 1763 443 ;

88 455 286 492 memoria
311 465 412 491 vero
440 457 480 491 et
505 456 776 502 intelligentia
802 457 922 492 unius
949 458 1171 502 potentiae,
1199 458 1354 494 scilicet
1380 458 1561 500 rationis,
1587 459 1696 494 vires
1725 459 1765 494 et

34 520 51 546 5
88 514 350 560 aptitudines.
402 515 463 551 Ad
491 515 740 561 cognitivam
767 516 874 552 enim
895 517 1113 561 pertinent.

227 573 343 610 Hanc
358 575 496 610 autem
515 574 771 611 identitatem
792 576 1016 612 memoriae
1039 577 1079 611 et
1099 576 1392 621 Intelligentiae
1412 576 1589 612 insinuat
1607 576 1676 612 Au
1684 586 1765 622 gu-

89 633 254 669 stinus
282 632 486 669 subtiliter
510 633 652 668 infra1
685 634 846 670 dicens:
883 634 997 679 „Ipsa
1023 635 1215 680 cogitatio
1243 636 1445 680 quandam
1473 645 1588 671 suam
1613 645 1765 672 memo-

88 692 189 729 riam
215 692 294 728 nisi
320 692 503 734 haberet,
529 702 613 728 non
639 693 919 729 reverteretur
945 694 996 729 ad
1023 703 1084 735 ea,
1112 704 1217 738 quae
1243 694 1284 730 in
1310 694 1507 730 memoria
1531 695 1763 740 reliquerat,

88 760 179 787 cum
217 750 300 787 alia
331 751 563 797 cogitaret.“
614 750 720 798 Ergo
748 752 942 797 cogitatio
976 753 1100 788 habet
1125 752 1373 789 memoriam.
1422 752 1470 788 Et
1495 754 1631 790 tamen
1659 753 1765 799 cogi-

36 816 68 842 10
87 810 186 846 tatio
214 811 279 847 est
304 811 420 847 actus
447 810 755 856 intelligentiae.

676 905 847 942 Solutio
875 905 1175 942 obiectorum.
1788 906 1837 941 D.

229 989 259 1024 1.
298 987 360 1024 Ad
395 987 568 1033 primum
604 988 655 1024 de
692 989 890 1024 memoria
926 989 967 1024 et
1000 988 1270 1034 intelligentia
1304 989 1521 1025 dicendum
1547 990 1655 1035 quod
1681 999 1763 1026 non

88 1047 303 1088 concludit,
337 1042 432 1092 quia
457 1046 537 1082 ista
562 1047 642 1083 duo
671 1047 761 1083 sine
786 1047 1037 1092 praeiudicio
1070 1057 1155 1084 non
1190 1049 1284 1084 sunt
1317 1049 1527 1093 potentiae
1563 1048 1764 1091 diversae,

89 1106 165 1142 sed
191 1106 377 1142 eiusdem
402 1105 663 1142 instrumenti
689 1105 939 1151 aptitudines
967 1106 1207 1143 differentes
1235 1108 1275 1143 et
1300 1107 1421 1143 vires.
1473 1107 1573 1144 Sunt
1599 1117 1697 1154 ergo
1723 1108 1764 1144 in

36 1178 68 1203 15
89 1165 237 1202 eodem
264 1165 450 1201 subiecto
476 1165 618 1211 primo,
646 1166 721 1202 sed
747 1175 831 1201 non
850 1166 1014 1211 penitus
1036 1167 1261 1203 secundum
1281 1167 1399 1209 idem,
1427 1167 1521 1212 quia
1541 1168 1764 1203 secundum

87 1224 325 1261 memoriam
352 1224 585 1271 intelligens
606 1226 732 1267 tenet,
759 1225 985 1261 secundum
1009 1225 1319 1271 intelligentiam
1344 1226 1532 1262 intuetur.

228 1291 259 1326 2.
296 1289 358 1326 Ad
382 1290 609 1326 secundum
635 1289 901 1332 <dicendum>
927 1291 1035 1335 quod
1071 1291 1272 1336 quaedam
1300 1291 1363 1326 est
1395 1291 1620 1336 dispositio,
1659 1301 1764 1337 quae

85 1349 132 1386 fit
168 1349 301 1386 forma
337 1349 405 1385 vel
436 1349 619 1392 habitus;
659 1349 764 1385 sicut
800 1349 983 1391 seientia,
1023 1350 1186 1394 quando
1219 1349 1439 1395 acquiritur
1464 1350 1605 1395 primo,
1633 1351 1765 1396 dispo-

89 1409 181 1445 sitio
218 1409 298 1450 est,
335 1408 498 1453 quando
524 1408 740 1451 radicatur,
774 1407 821 1444 fit
845 1408 1019 1444 habitus.
1071 1408 1282 1449 Quaedam
1309 1409 1372 1445 est
1398 1409 1623 1455 dispositio,
1659 1420 1764 1455 quae

35 1481 70 1507 20
88 1477 172 1504 non
197 1467 243 1504 fit
267 1467 410 1510 forma,
449 1467 524 1503 sed
549 1476 625 1512 per
650 1477 773 1513 quam
804 1467 851 1503 fit
884 1467 975 1512 ipsa
985 1476 994 1512 ;
1029 1467 1147 1504 verbi
1183 1468 1314 1513 gratia
1348 1468 1555 1505 mediante
1592 1469 1683 1505 luce
1720 1469 1766 1505 fit

88 1527 211 1569 calor,
237 1536 316 1563 nec
341 1527 480 1563 tamen
504 1526 576 1562 lux
599 1526 647 1563 fit
672 1526 794 1563 calor.

230 1585 345 1626 Quae
370 1585 493 1632 igitur
517 1585 647 1631 primo
674 1585 796 1622 modo
824 1595 870 1622 se
896 1586 1060 1628 habent,
1086 1586 1128 1622 in
1149 1587 1295 1622 eodem
1316 1586 1500 1623 subiecto
1521 1586 1651 1632 primo
1672 1588 1766 1623 sunt

88 1645 439 1690 inseparabfliter;
466 1654 573 1690 quae
594 1645 732 1681 autem
750 1645 934 1681 secundo
954 1645 1088 1687 modo,
1114 1655 1198 1681 non
1220 1646 1313 1681 sunt
1338 1645 1379 1681 in
1406 1645 1554 1682 eodem
1580 1646 1764 1682 subiecto

89 1704 156 1740 vel
189 1714 273 1740 non
308 1704 535 1740 secundum
568 1704 689 1740 idem.
738 1703 865 1740 Verbi
899 1704 1032 1750 gratia
1065 1705 1204 1740 lumen
1240 1705 1303 1740 est
1336 1704 1378 1740 in
1411 1705 1507 1741 a‘ere
1540 1706 1765 1742 secundum

36 1776 69 1802 25
89 1763 421 1808 diaphanitatem‚
448 1763 561 1799 calor
587 1763 814 1799 secundum
839 1762 1242 1800 rarefactibilitatem.

231 1822 335 1863 Quia
368 1822 490 1868 igitur
523 1822 566 1858 in
590 1822 785 1867 potentiis
813 1822 1010 1858 ordinatis
1037 1823 1152 1858 actus
1179 1822 1382 1859 interioris
1409 1823 1460 1859 ad
1486 1824 1621 1859 actum
1648 1833 1766 1868 supe-

89 1881 208 1918 rioris
236 1881 426 1927 disponit,
454 1881 558 1917 sicut
584 1881 763 1927 cognitio
789 1881 842 1917 ad
868 1881 1140 1924 dilectionem,
1167 1891 1245 1918 neo
1270 1883 1409 1918 tamen
1437 1882 1614 1928 cognitio
1640 1881 1686 1918 fit
1711 1882 1766 1918 di-

89 1940 223 1983 lectio,
259 1950 343 1976 non
377 1949 555 1977 necesse
581 1941 645 1976 est
670 1950 792 1976 unam
819 1949 915 1977 esse
941 1940 1167 1985 potentiam
1194 1941 1443 1987 cognitivam
1470 1942 1510 1977 et
1535 1941 1764 1977 amativam.

231 2007 264 2042 3.
301 2005 365 2042 Ad
398 2005 562 2042 tertium
598 2005 864 2049 <dicendum>
902 2006 1011 2051 quod
1046 2005 1156 2042 idem
1189 2006 1394 2043 obiectum
1420 2007 1645 2042 secundum
1671 2015 1765 2042 ean-

37 2078 73 2104 30
92 2064 186 2101 dem
222 2065 425 2101 rationem
462 2065 716 2110 impossibile
755 2065 819 2101 est
857 2074 952 2101 esse
979 2064 1235 2101 diversarum
1261 2064 1546 2110 potentiarum.
1596 2063 1678 2100 Sed
1704 2073 1765 2100 se-

91 2124 268 2161 cundum
290 2124 429 2170 plures
452 2124 636 2160 rationes
659 2124 858 2169 possibile
880 2124 954 2160 est.
1003 2123 1088 2160 Nec
1113 2124 1204 2169 plus
1232 2124 1417 2170 exigitur,
1446 2123 1549 2159 sicut
1573 2124 1687 2169 patet
1712 2123 1763 2159 de

90 2192 192 2220 vero
221 2184 262 2220 et
285 2184 408 2220 bono.

233 2311 274 2343 12
305 2310 390 2350 non]
423 2286 479 2344 ’31-
577 2311 620 2343 16
646 2310 866 2353 intelligens]
891 2311 1097 2344 intellectus
1107 2310 1154 2352 (52)
1251 2311 1293 2344 29
1320 2310 1476 2350 tertium]
1501 2310 1699 2343 secundum

231 2427 244 2450 ¹
272 2429 352 2462 Scil.
379 2429 401 2462 l.
428 2438 455 2462 e.
481 2430 553 2462 not.
575 2429 605 2469 3,
630 2438 664 2470 p.
686 2429 770 2462 206:
796 2429 849 2461 De
873 2429 1018 2470 Spiritu
1042 2431 1078 2461 et
1101 2429 1261 2467 Anima,·
1285 2429 1348 2461 cfr.
1375 2437 1454 2469 cap.
1482 2429 1524 2461 44
1551 2429 1586 2467 (l.
1612 2436 1642 2461 c.
1670 2426 1762 2467 812).
