2095 3459
811 200 984 236 Quaestio
1014 201 1051 232 V.
1749 207 1794 243 69

99 289 282 333 peclie¹
312 292 418 334 quod
449 292 576 329 virtus
605 304 678 339 per
704 306 823 340 quam
852 297 1077 334 iudicamus
1113 299 1261 336 iudicio
1299 302 1531 345 universali,
1573 307 1637 342 est
1664 307 1791 344 virtus

100 338 268 384 infinita.
321 350 432 386 Sicut
453 352 549 388 dicit
571 356 870 392 commentator
891 358 1036 394 tertiae
1059 360 1355 404 propositionis
1379 363 1436 398 De
1456 364 1627 400 Cfmsis2
1648 366 1687 402 in
1710 377 1790 412 quo

97 410 331 445 commento
361 411 486 447 multa
514 414 607 448 sunt
636 423 822 455 erronea,
850 416 918 452 ubi
945 417 1095 463 quippe
1122 419 1287 456 dicitur:
1315 420 1451 458 Causa
1477 424 1608 468 prima
1635 428 1791 463 creavit

98 475 194 503 esse
221 468 384 505 animae
421 471 628 508 mediante
664 473 946 520 intelligentia.
987 478 1027 513 et
1065 479 1172 523 quod
1209 480 1348 516 anima
1384 483 1447 517 est
1473 483 1790 523 instrumentum

59 532 75 556 τι
95 525 405 572 intelligentiae.
458 529 572 570 Quae
601 533 739 569 omnia
765 534 871 570 male
900 538 1060 573 sonant.
1111 537 1230 574 Unde
1266 541 1376 584 quod
1409 542 1555 578 dicitur
1582 544 1689 580 scire
1717 555 1790 590 per

94 585 287 622 virtutem
314 587 624 635 intelligentiae.
662 592 867 639 distinguo
904 596 1012 639 quod
1047 599 1164 641 „per“
1193 599 1263 634 aut
1291 600 1355 635 est
1381 602 1481 637 nota
1517 612 1670 640 causae
1704 604 1789 640 effi—

94 645 239 681 cientis
267 667 311 671 —
340 649 380 683 et
408 648 467 684 sic
494 648 598 686 falsa
625 653 707 693 est;
742 654 811 688 aut
839 655 902 689 est
929 657 1027 691 nota
1055 655 1330 695 similitudinis
1357 681 1404 684 —
1431 661 1472 696 et
1499 661 1558 698 sic
1585 672 1686 699 vera
1713 666 1786 700 est.

233 707 264 741 6.
304 706 364 743 Ad
407 709 568 745 tertium
608 711 810 748 decimum
847 714 992 750 dicitur
1028 716 1137 760 quod
1177 718 1372 762 quiddam
1411 720 1593 757 divinum
1633 723 1788 759 habent

92 764 354 804 lrrationalia.
394 767 434 803 in
474 770 669 813 quantum
708 771 863 808 habent
902 775 1108 818 quandam
1148 776 1456 815 similitudinem
1492 780 1686 818 virtutum
1719 784 1785 819 vel

42 828 71 853 [υ
91 823 422 869 delectationum,
463 828 558 872 quia
596 829 775 866 divinum
817 831 962 868 dicitur
1000 834 1286 880 multipliciter,
1327 838 1432 874 sicut
1469 849 1566 876 esse
1603 841 1784 879 divinum

90 882 212 919 etiam
241 885 405 929 species
432 886 587 929 dicitur,
627 898 710 925 non
749 890 887 927 tamen
915 892 1067 937 aliquid
1095 894 1278 931 divinum
1306 897 1425 942 quasi
1450 898 1785 938 intellectualiter

88 952 361 989 cognoscens.

228 1004 259 1039 7.
288 1003 481 1041 SImiliter
501 1006 703 1043 decimum
726 1010 912 1054 quartum
936 1021 1017 1047 non
1041 1013 1258 1055 concludit,
1281 1015 1377 1060 quia
1397 1027 1480 1053 non
1501 1018 1613 1055 videt
1635 1021 1783 1057 utrum-

87 1071 166 1106 que
189 1063 419 1100 extremum
442 1065 561 1101 simul
582 1076 607 1102 a
626 1067 725 1111 pari.
747 1069 887 1105 tamen
903 1070 1016 1107 videt
1037 1072 1153 1108 simul
1179 1074 1351 1119 utraque
1373 1077 1416 1111 ut
1437 1087 1573 1119 unum,
1594 1081 1781 1124 quamvis

35 1124 66 1149 ¹5
86 1122 367 1167 perspicacius
395 1124 568 1161 alterum
596 1127 838 1164 extremum.
888 1129 1131 1176 Exemplum
1159 1133 1210 1169 de
1238 1134 1330 1170 visu
1366 1137 1582 1181 corporali,
1622 1138 1663 1175 in
1699 1150 1780 1185 quo

85 1180 201 1225 plura
227 1182 419 1219 videntur
446 1184 576 1227 simul,
604 1196 687 1222 non
714 1188 853 1224 tamen
880 1190 1045 1235 aequali
1071 1192 1343 1237 perspicacia.

224 1242 256 1277 8.
283 1241 346 1278 Ad
374 1243 579 1280 obiectum
607 1246 779 1290 primum
806 1248 846 1283 in
876 1250 1153 1286 contrarium3
1186 1252 1407 1290 dicendum
1446 1265 1521 1300 per
1559 1257 1779 1304 interemp-

84 1299 238 1336 tionem
283 1302 392 1346 quod
441 1313 562 1339 unum
611 1306 674 1341 est
714 1316 931 1344 commune
971 1310 1189 1355 utrobique
1230 1313 1380 1349 caritas
1419 1314 1591 1360 Spiritus
1639 1317 1778 1355 Sancti

83 1359 307 1397 delectans.

29 1426 62 1452 ευ
221 1421 253 1456 9.
280 1420 343 1456 Ad
370 1423 597 1459 secundum
626 1424 845 1461 dicendum
881 1428 990 1472 quod
1027 1429 1219 1466 nobilitas
1258 1433 1512 1476 operatIonis
1551 1436 1616 1471 est
1641 1446 1725 1473 non
1752 1448 1777 1474 a

81 1479 312 1516 substantia
339 1481 443 1517 sicut
470 1492 494 1518 a
520 1483 606 1519 tota
633 1493 760 1521 causa
786 1486 988 1523 materiali
1021 1488 1246 1534 principali.
1300 1491 1399 1528 Dico
1440 1493 1492 1529 de
1529 1496 1773 1539 operatione

79 1536 120 1573 in
147 1547 244 1574 esse
271 1541 468 1576 secundo.

218 1599 272 1635 10.
299 1599 479 1636 Tertium
507 1603 820 1640 concedendum
849 1606 946 1641 est4.

220 1659 273 1693 11.
300 1658 363 1694 Ad
390 1661 578 1705 quartum
606 1662 825 1699 dicendum
852 1665 962 1709 quod
999 1667 1203 1711 quaedam
1241 1678 1348 1713 quae
1377 1671 1568 1708 videntur
1602 1676 1770 1720 proprio

25 1722 57 1748 25
76 1715 240 1759 lumine,
279 1728 364 1754 non
397 1719 588 1756 videntur
623 1721 819 1765 perfecte,
860 1724 935 1760 sed
962 1724 1204 1770 imperfecte
1233 1728 1274 1763 et
1300 1729 1485 1771 confuse.
1525 1742 1604 1769 nec
1631 1734 1770 1771 tamen

77 1774 166 1811 sine
194 1776 409 1814 influentia
436 1779 618 1821 caelesti,
646 1782 833 1826 quamvis
862 1783 952 1820 sine
980 1785 1166 1821 sensibili
1192 1786 1410 1825 Influentia
1437 1791 1573 1828 solari.

218 1836 270 1872 12.
297 1836 359 1873 Ad
387 1838 585 1882 primum5
612 1841 721 1885 quod
746 1843 969 1887 pervenire
996 1845 1049 1880 ad
1075 1844 1166 1881 illas
1191 1847 1376 1884 rationes
1397 1850 1465 1885 vel
1486 1852 1651 1896 species
1674 1864 1769 1890 con-

74 1893 192 1939 tingit
217 1895 452 1940 dupliciter:
491 1898 558 1934 vel
598 1902 893 1945 cognoscendo
932 1912 1007 1948 per
1044 1904 1157 1948 ipsas
1198 1928 1242 1931 —
1283 1908 1324 1943 et
1350 1908 1429 1944 hoc
1457 1911 1522 1945 est
1549 1921 1766 1949 commune

75 1953 275 1996 omnibus,
313 1956 381 1991 vel
416 1957 675 1995 advertendo
710 1969 782 1996 eas
811 1970 907 1997 esse
934 1962 1119 1999 rationes
1148 1968 1431 2011 cognoscendi
1456 1990 1503 1994 ——
1531 1971 1571 2006 et
1596 1971 1675 2008 hoc
1703 1974 1766 2008 est

21 2018 54 2044 :³0
73 2021 296 2056 paucorum
323 2015 456 2057 valde,
484 2017 552 2062 qui
580 2027 652 2054 eas
681 2028 777 2055 esse
803 2020 994 2058 fatentur.

213 2074 268 2109 13.
306 2073 369 2110 Ad
407 2077 635 2113 secundum
673 2079 782 2123 quod
821 2079 1092 2126 Dionysius
1128 2083 1308 2129 loquitur
1347 2086 1398 2122 de
1427 2088 1762 2128 consideratione

70 2131 173 2167 radii
208 2131 402 2169 dominici
436 2134 476 2170 in
514 2137 847 2174 consideratione
883 2141 1074 2177 absoluta
1108 2142 1176 2178 vel
1213 2143 1254 2179 in
1290 2145 1452 2182 ratione
1480 2148 1642 2191 obiecti,
1678 2160 1762 2186 non

70 2191 208 2227 autem
243 2192 295 2228 de
330 2192 432 2238 ipso,
467 2195 510 2230 ut
537 2196 601 2231 est
626 2196 730 2233 ratio
758 2201 1051 2244 cognoscendi.
1112 2201 1239 2239 Immo
1274 2206 1502 2242 secundum
1534 2207 1614 2244 hoc
1646 2208 1761 2245 inno-

70 2249 200 2286 tescit.
265 2251 384 2288 Unde
417 2252 514 2289 dicit
543 2254 681 2291 titulus
714 2257 833 2301 primi
866 2259 1032 2303 capituli
1068 2261 1296 2306 Anyelicae
1333 2264 1612 2303 Hierarchiae
1650 2269 1759 2313 quod

18 2312 50 2338 35
70 2309 201 2345 omnis
248 2310 387 2347 divina
429 2312 669 2351 illuminatio
715 2317 942 2354 secundum
986 2319 1213 2357 bonitatem
1251 2323 1366 2359 varie
1404 2324 1631 2369 improvisa
1667 2337 1759 2372 pro-

69 2368 223 2405 cedens
250 2371 389 2407 manet
416 2371 571 2417 simpla,
598 2384 682 2410 non
709 2375 788 2411 hoc
815 2376 957 2419 solum,
986 2379 1061 2414 sed
1087 2380 1257 2417 unificat
1282 2381 1520 2420 illuminata.

208 2429 262 2464 14.
301 2429 364 2465 Ad
401 2431 564 2467 tertium
603 2434 711 2477 quod
751 2434 855 2470 sicut
893 2437 1056 2481 species
1097 2440 1324 2484 corporalis
1352 2441 1419 2477 vel
1454 2442 1594 2479 lumen
1622 2444 1756 2489 ipsum

68 2488 281 2532 corporale
307 2488 715 2534 improportionabile
738 2494 802 2529 est
821 2493 862 2530 in
882 2495 1043 2532 ratione
1067 2497 1219 2534 obiecti
1239 2501 1410 2544 propter
1431 2510 1547 2537 suam
1567 2502 1757 2548 simplici-

67 2545 203 2588 tatem,
238 2557 322 2583 non
357 2549 496 2585 tamen
524 2551 588 2586 est
613 2550 1020 2597 improportionabile
1048 2556 1091 2591 ut
1115 2557 1221 2593 ratio
1250 2561 1534 2604 cognoscendi
1560 2584 1604 2587 —
1630 2562 1687 2598 ita
1713 2563 1754 2599 in

15 2611 48 2638 40
65 2605 290 2650 proposito.
340 2606 466 2644 Immo
494 2618 652 2645 summe
678 2612 1029 2656 proportionabile
1057 2615 1100 2650 ut
1124 2616 1230 2652 ratio
1259 2620 1552 2663 cognoscendi.

207 2666 260 2700 15.
286 2665 334 2701 Et
360 2667 419 2703 sic
445 2668 560 2712 patet
585 2669 637 2704 ad
664 2671 862 2714 quartum.

206 2724 260 2760 16.
297 2724 359 2760 Ad
385 2726 568 2770 quintum
596 2728 813 2765 dicendum
839 2731 948 2775 quod
974 2732 1078 2768 ratio
1106 2736 1391 2779 cognoscendi
1415 2738 1555 2781 potest
1580 2736 1753 2785 intelligi
1787 2740 1788 2745 ’

64 2781 294 2826 dupliciter:
315 2785 385 2819 aut
404 2784 445 2820 in
467 2786 662 2830 quantum
684 2787 760 2823 erit
780 2788 972 2833 quiddam
991 2792 1021 2832 ΙΙ,
1043 2792 1112 2826 aut
1132 2791 1174 2828 in
1195 2794 1393 2837 quantum
1413 2795 1529 2831 ratio.
1558 2796 1750 2833 SImiliter
1771 2798 1834 2830 fol.
1856 2799 1926 2832 251⁷
1938 2808 1964 2832 a

203 2886 222 2918 6
248 2886 348 2926 nota]
374 2889 461 2921 vota
564 2890 605 2922 19
633 2891 832 2930 delectans]
858 2878 1045 2926 delectans
1142 2896 1185 2928 36
1213 2880 1374 2936 unificat]
1400 2898 1564 2932 vivificat

202 2979 215 3001 1
241 2981 299 3013 In:
327 2982 443 3023 Epist.
470 2984 748 3025 Expeditionis,·
773 2987 939 3020 videatur
956 2988 1199 3028 Averroes,
1219 2990 1273 3023 De
1290 2990 1432 3024 Anima
1450 2992 1504 3032 III,
1522 2994 1540 3025 5
1556 2992 1658 3033 (text.
1676 2993 1746 3035 19).

200 3032 215 3054 2
240 3043 275 3074 p.
303 3035 380 3068 166.
523 3036 538 3059 3
564 3037 646 3071 Scil.
673 3039 718 3071 ad
743 3039 783 3072 B.
813 3042 831 3072 1
858 3039 908 3081 (p.
936 3040 1005 3080 62).

199 3085 214 3107 4
240 3086 321 3119 Scil.
346 3088 387 3121 B.
404 3097 438 3121 α.
467 3090 486 3121 1
512 3088 562 3130 (p.
590 3089 659 3130 63).
801 3092 816 3115 5
842 3093 923 3126 Scil.
950 3094 990 3127 Β.
1008 3095 1039 3127 b.
1068 3096 1086 3127 1
1115 3092 1163 3135 (p.
1193 3094 1263 3135 63).
