2095 3459
823 195 994 232 Quaestio
1019 195 1137 229 XXIV.
1754 192 1817 227 171

148 291 316 334 propter
341 290 591 326 intellectum
619 292 659 327 et
685 301 767 327 non
794 301 868 336 per
899 291 1158 329 desiderium.
1208 292 1312 337 Ergo
1353 291 1440 327 eius
1478 290 1687 327 beatitudo
1727 300 1820 327 con—

149 348 272 384 stistIt
296 349 337 384 in
365 349 616 386 intellectiva
641 360 715 395 per
742 360 787 386 se
815 352 856 387 et
882 360 954 396 per
981 361 1242 396 consequens
1277 351 1432 386 tantum
1462 350 1501 386 in
1534 349 1819 386 desiderativa.

287 409 319 444 5.
347 408 445 444 ltem
472 409 693 453 appetibile
722 409 957 445 naturaliter
983 409 1095 454 prius
1123 411 1186 446 est
1212 410 1405 455 appetitu.
1455 408 1559 454 Ergo
1599 408 1819 450 beatitudo,

149 477 240 503 cum
266 467 318 503 sit
343 466 587 513 appetibilis,
614 468 725 513 prior
752 470 815 505 est
840 469 1034 514 appetitu.
1084 467 1189 515 Ergo
1218 479 1308 505 cum
1330 468 1557 505 subiectum
1584 468 1635 504 sit
1661 468 1822 504 natura-

111 535 127 558 .-·‚
146 526 238 562 liter
275 526 388 572 prius
426 535 501 562 suo
540 527 772 569 accidente,
812 527 1069 573 impossibile
1111 529 1174 564 est
1218 527 1443 573 appetitum
1482 536 1577 563 esse
1615 526 1822 572 proprium

148 585 375 622 subiectum
401 585 676 622 beatitudinis.

287 646 319 681 6.
345 644 445 681 Item
471 646 587 681 actus
614 645 831 682 cuiuslibet
856 646 1066 691 potentiae
1104 646 1145 682 in
1182 656 1227 682 se
1264 645 1448 682 reflexae
1475 645 1585 690 prius
1612 644 1757 680 transit
1781 644 1823 680 in

147 704 330 746 alterum,
358 713 479 749 quam
505 704 743 740 reflectatur
767 705 808 741 in
836 715 893 747 se,
922 705 1026 741 sicut
1048 705 1159 750 prius
1189 704 1420 741 intellectus
1449 703 1635 749 intelligit
1661 703 1822 748 aliquid,

148 772 269 808 quam
294 763 494 809 intelligat
520 772 566 799 se
592 763 822 810 intelligere
835 766 858 800 ¹.
907 763 1013 810 Ergo
1042 765 1117 800 etc.
1168 763 1367 800 Voluntas
1399 763 1638 800 naturaliter
1669 762 1824 807 appetit

96 836 128 861 10
146 822 444 859 beatitudinem
472 822 577 859 sicut
601 822 774 868 primum
801 823 1091 860 desideratum.
1142 822 1399 868 Impossibile
1426 824 1573 868 <ergo>
1599 822 1663 858 est
1693 821 1824 866 ipsam

146 880 442 917 beatItudinem
468 880 698 917 consistere
724 881 765 917 in
791 881 885 918 actu
910 881 1130 917 voluntatis
1157 890 1231 926 per
1258 890 1304 917 se
1332 881 1372 917 et
1397 880 1538 926 primo.

287 941 319 976 7.
345 940 446 977 Item
483 941 716 977 intellectus
756 942 820 977 est
857 941 1056 978 altissima
1093 940 1369 987 potentiarum
1406 940 1632 977 secundum
1670 939 1825 975 Philo-

148 999 389 1044 sophum2.
433 999 539 1046 Ergo
568 999 606 1036 ei
631 1000 796 1045 proprie
823 1000 1019 1036 convenit
1043 1000 1243 1036 altissima
1268 999 1478 1045 perfectio.
1524 998 1606 1035 Sed
1631 999 1736 1034 haec
1762 998 1826 1034 est

147 1057 370 1095 beatitudo.
419 1058 526 1105 Ergo
554 1060 629 1095 010.

96 1131 129 1157 15
288 1118 320 1154 8.
346 1117 448 1154 Item
474 1119 701 1155 seeundum
727 1118 1082 1164 Philosophum
1116 1118 1158 1154 in
1192 1118 1376 1155 Ethicis³
1400 1117 1611 1154 beatitudo
1639 1115 1827 1153 consistit

146 1176 188 1212 in
215 1176 509 1222 speculatione,
537 1187 643 1223 quae
671 1179 735 1214 est
760 1177 887 1214 virtus
914 1178 1212 1214 intellectualis.
1261 1177 1366 1223 Ergo
1394 1178 1470 1214 etc.

283 1236 316 1271 9.
341 1235 442 1272 Item
469 1237 695 1273 secundum
721 1237 1048 1274 Avicennam1
1073 1237 1239 1282 propria
1272 1235 1472 1282 perfectio
1508 1235 1671 1271 animae
1705 1234 1827 1269 ratio-

147 1295 251 1331 nalis
279 1296 343 1331 est
369 1296 412 1331 ut
435 1295 509 1332 fiat
533 1296 575 1331 in
602 1305 653 1332 ea
679 1297 889 1333 saeculum
913 1296 1191 1333 intellectuale
1219 1297 1259 1332 et
1286 1295 1540 1332 describatur
1565 1293 1606 1329 in
1627 1303 1677 1329 ea
1696 1293 1827 1329 forma

146 1354 282 1390 totius.
334 1354 416 1391 Sed
441 1355 521 1391 1100
545 1355 724 1400 pertinet
749 1355 802 1391 ad
826 1355 1088 1392 intellectum.
1138 1354 1243 1401 Ergo
1273 1356 1348 1391 etc.

93 1427 128 1453 20
288 1414 343 1450 10.
370 1413 471 1450 Item
488 1414 748 1457 <beatitudo>
769 1414 957 1451 consistit
976 1415 1017 1450 in
1038 1414 1211 1457 visione,
1237 1413 1430 1450 fruitione
1452 1413 1493 1449 et
1512 1412 1708 1448 tentione.
1745 1410 1825 1447 Sed

146 1472 282 1509 fruitio
317 1482 402 1509 non
435 1474 575 1518 potest
610 1483 706 1510 esse
743 1474 832 1510 sine
859 1473 1032 1515 visione,
1071 1483 1149 1510 nec
1181 1473 1310 1509 tentio
1328 1475 1342 1516 ΙΙ
1361 1472 1555 1508 similiter
1604 1470 1710 1516 Ergo
1742 1470 1828 1506 tota
1848 1480 1909 1512 rol.
1935 1480 2037 1512 36va

148 1531 358 1577 dependet
383 1541 409 1568 a
433 1531 596 1569 visione
625 1532 915 1578 principaliter

288 1592 343 1627 11.
360 1590 461 1628 Item
482 1592 709 1628 secundum
723 1591 1010 1638 Magistrum
1025 1591 1420 1629 Sententiarum5
1433 1589 1626 1637 gaudium
1647 1588 1826 1625 omnium

149 1651 213 1686 est
238 1650 425 1696 aequale,
452 1650 557 1687 visio
585 1652 724 1687 autem
750 1651 925 1687 diversa.
969 1651 1051 1688 Sed
1076 1650 1207 1697 magis
1233 1651 1344 1693 <031>
1371 1650 1423 1686 de
1450 1648 1681 1685 substantia
1700 1647 1828 1684 beati-

95 1723 129 1748 25
148 1708 299 1746 tudinis
327 1709 581 1755 singulorum
606 1710 716 1755 quod
743 1710 954 1756 distinguit
979 1720 1104 1746 unum
1124 1710 1175 1746 ab
1196 1709 1337 1751 altero,
1365 1718 1487 1754 quam
1507 1708 1616 1753 quod
1637 1707 1701 1743 est
1720 1716 1828 1743 com-

147 1777 272 1805 mune
280 1776 289 1811 ;
316 1778 409 1805 cum
433 1769 601 1815 propria
625 1769 826 1815 perfectio
853 1769 1070 1806 cuiuslibet
1097 1769 1297 1806 consistat
1322 1768 1364 1804 in
1391 1777 1466 1804 sua
1490 1766 1755 1804 beatitudine.

289 1828 344 1863 12.
369 1827 470 1864 Item
496 1828 715 1865 delectatio
744 1829 808 1865 est
834 1828 1067 1865 coniunctio
1094 1827 1380 1864 convenientis
1407 1835 1499 1863 cum
1527 1825 1825 1863 convenientia

150 1886 231 1923 Sed
257 1887 410 1923 bonum
435 1888 652 1923 aeternum
678 1897 762 1924 non
788 1887 1008 1929 beatificat,
1034 1887 1114 1923 nisi
1139 1885 1474 1932 apprehendatur
1492 1885 1536 1921 ut
1558 1883 1825 1921 conveniens.

147 1944 196 1981 Et
220 1945 300 1982 hoc
326 1947 390 1982 est
415 1947 642 1983 secundum
666 1947 930 1987 intellectum.

95 2018 130 2043 30
291 2006 344 2041 13.
370 1998 472 2041 Item
498 2006 631 2042 omnis
657 2006 780 2042 homo
807 2008 897 2052 plus
924 2006 1064 2042 horret
1088 2014 1278 2051 poenam,
1310 2014 1432 2050 quam
1457 2003 1625 2048 appetat
1651 2002 1827 2038 delecta-

149 2064 305 2100 tionem
331 2065 558 2101 secundum
583 2065 925 2111 Augustinum,
951 2065 1011 2101 De
1028 2065 1076 2101 83
1096 2064 1421 2108 Quaestionibus
1431 2064 1455 2099 ⁷.
1495 2062 1576 2099 Sed
1594 2061 1825 2098 intellectus

148 2123 294 2160 fortius
320 2123 464 2160 haeret
489 2124 663 2167 veritati,
702 2134 825 2170 quam
855 2125 1022 2161 horreat
1047 2133 1237 2170 poenam,
1276 2123 1371 2168 quia
1394 2122 1529 2159 fidelis
1555 2120 1666 2157 nulla
1690 2128 1827 2165 poena

149 2183 288 2227 potest
313 2183 445 2219 averti
471 2192 497 2219 a
521 2183 708 2220 veritate.
756 2183 863 2229 Ergo
889 2183 1035 2220 fortius
1061 2183 1259 2219 adhaeret
1283 2182 1516 2218 intellectus
1543 2190 1618 2216 suo
1640 2179 1825 2215 subiecto

150 2251 273 2286 quam
297 2241 471 2278 affectus
498 2252 586 2279 suo.
634 2242 741 2289 Ergo
767 2243 897 2289 magis
924 2242 1084 2288 attingit
1108 2243 1262 2278 bonum
1286 2240 1532 2277 beatificum.

96 2313 130 2338 35
291 2302 344 2337 14.
370 2301 472 2338 Item
496 2301 659 2338 videtur
685 2302 832 2339 saltem
857 2302 966 2347 quod
991 2311 1076 2337 non
1103 2301 1155 2337 sit
1179 2300 1357 2346 <magis>
1383 2299 1425 2335 in
1456 2298 1608 2335 affectu
1638 2306 1760 2342 quam
1785 2296 1826 2331 in

149 2360 371 2397 intellectu.
422 2360 560 2398 Gloria
586 2362 695 2398 enim
720 2361 819 2398 nihil
844 2361 953 2398 aliud
987 2361 1051 2397 est
1082 2370 1204 2406 quam
1235 2358 1366 2405 gratia
1401 2357 1694 2394 consummata.
1744 2355 1826 2392 Sed

150 2419 282 2465 gratia
307 2421 371 2457 est
396 2421 438 2457 in
462 2421 673 2457 intellectu
700 2422 740 2457 et
765 2421 988 2462 voluntate,
1014 2421 1058 2456 ut
1084 2420 1178 2456 sunt
1203 2428 1339 2455 unum.
1387 2417 1493 2463 Ergo
1520 2417 1561 2453 et
1586 2415 1726 2461 gloria.

292 2538 312 2570 2
337 2537 489 2578 tantum]
514 2547 588 2571 non
685 2539 727 2572 18
754 2537 952 2577 saeculum]
978 2537 1175 2570 secundum
1282 2536 1325 2569 34
1351 2532 1573 2574 beatificum]
1599 2533 1824 2566 beneficium.

151 2591 315 2624 Additur
347 2592 388 2624 in
423 2593 541 2625 textu:
574 2592 664 2624 Item
698 2592 900 2624 ostenditur
926 2591 1023 2632 quod
1048 2590 1111 2623 illa
1134 2590 1227 2622 visio
1252 2598 1324 2622 non
1349 2589 1396 2621 sit
1421 2587 1645 2621 delectabilis
1670 2586 1825 2619 omnino.

152 2645 330 2681 Quoniam
355 2646 545 2678 excellens
571 2645 745 2678 sensibile
770 2644 969 2685 corrumpit
994 2652 1151 2676 sensum.
1186 2643 1283 2684 Ergo
1303 2642 1466 2674 similiter
1485 2640 1719 2681 intelligibile.
1754 2635 1828 2671 Sed

153 2698 222 2731 hoc
248 2700 517 2738 armamentum
543 2699 595 2731 ad
626 2696 803 2738 ‚,Contra“
835 2698 1025 2738 pertinere
1050 2698 1167 2737 patet.
1217 2696 1431 2728 Solutiones
1463 2694 1515 2727 ad
1549 2694 1706 2726 11.-—14.
1734 2692 1825 2724 desi-

153 2750 347 2784 derantur.
403 2751 488 2784 Vide
512 2752 619 2784 z'nrra
638 2760 677 2792 p.
706 2751 783 2784 180.
881 2750 923 2783 37
949 2748 1148 2788 voluntate]
1174 2757 1265 2781 voce

294 2857 307 2880 1
333 2858 403 2891 Cfr.
429 2858 581 2897 Arist„
606 2858 770 2933 Metaph5
793 2857 847 2896 XI,
870 2858 900 2890 9.
1020 2854 1034 2877 2
1058 2856 1095 2888 L.
1123 2864 1150 2888 0.
1269 2853 1285 2876 ³
1308 2854 1348 2893 X,
1376 2855 1413 2893 7,
1440 2854 1502 2886 cfr.
1528 2852 1692 2894 Metaph.
1718 2853 1773 2892 XI,
1795 2853 1824 2884 7

293 2910 309 2933 4
333 2911 497 2953 Metaph.
524 2911 579 2950 IX,
607 2912 637 2944 7.
756 2910 884 2943 ἱ’1)131.
907 2910 961 2948 49,
982 2918 1016 2950 p.
1038 2910 1067 2947 1,
1089 2917 1168 2948 cap.
1191 2909 1208 2940 1
1229 2905 1414 2946 (Bonav.,
1443 2906 1508 2947 Op.
1530 2915 1628 2938 omn.
1655 2905 1711 2944 IV,
1732 2904 1824 2953 998).

293 2964 579 3002 6Α111001111ε1,
604 2964 767 3005 Metaph.
793 2963 880 2999 VIII.
908 2964 945 3002 7;
979 2962 1042 2994 cfr.
1068 2962 1237 3000 Bonav„
1273 2960 1339 3001 Op.
1367 2968 1466 2992 omn.
1491 2959 1515 2996 I.
1542 2959 1585 2991 38
1610 2960 1683 2991 not.
1701 2959 1737 2997 4,
1768 2958 1825 2997 1V,

157 3018 224 3050 300
249 3018 321 3050 not.
349 3019 387 3057 7;
411 3018 673 3056 Baeumker,
704 3016 830 3050 Witelo
857 3016 934 3054 466,
961 3016 992 3047 2.

295 3069 311 3091 7
336 3070 376 3111 Q.
403 3071 446 3103 36
472 3069 544 3110 (PL
569 3070 624 3110 40,
651 3068 727 3108 25);
753 3070 816 3101 cir.
845 3078 878 3109 q.
905 3068 948 3101 66
975 3066 1132 3107 (Ibidem
1158 3065 1227 3104 63).
