2095 3459
49 528 66 554 5

34 823 66 847 10

36 1123 68 1148 1’5

32 1418 66 1443 20

33 1713 67 1738 25

33 2010 67 2035 30

35 2303 69 2329 35

752 191 924 227 Quaestio
953 192 1070 223 XXIX.
1696 187 1761 222 197

86 287 207 323 Fides
235 288 343 324 enim
379 288 441 323 est
475 288 646 324 credere
682 288 789 332 quod
816 297 898 323 non
925 288 1052 330 vides,
1089 288 1129 323 et
1156 297 1253 333 spes
1280 288 1504 332 expectare
1531 288 1639 332 quod
1666 296 1765 323 non-

85 347 179 382 dum
205 346 392 388 <h>abes.

224 406 256 441 3.
295 405 356 441 Ad
403 405 565 441 tertium
610 406 825 442 dicendum
872 406 1028 451 <qu0d>
1066 405 1393 451 Augustinus,
1432 405 1491 441 De
1534 405 1642 440 Trin.
1680 404 1763 447 XV,

86 473 173 509 cap.
200 465 270 500 231
306 464 486 500 insinuat
520 464 723 509 duplicem
759 473 856 500 esse
889 464 1139 502 memoriam.
1190 464 1296 500 Dicit
1323 464 1431 500 enim
1457 464 1566 509 quod
1594 464 1658 499 est
1683 473 1765 500 me-

86 523 215 559 moria
250 523 436 565 hominis,
476 533 597 568 quam
632 533 785 569 pecora
819 533 902 559 non
939 524 1102 565 habent,
1138 524 1178 559 in
1205 533 1286 569 qua
1310 533 1379 560 res
1406 522 1681 569 intelligibiles
1709 522 1764 559 ita

85 582 356 624 continentur,
383 583 426 618 ut
451 592 535 618 non
560 583 602 618 in
629 592 720 618 eam
745 591 821 627 per
847 592 995 618 sensus
1018 592 1236 627 corporum
1257 582 1459 619 venerint.
1498 581 1764 618 Damasce—

85 650 176 677 nus
203 641 326 677 etiam
353 641 458 683 dicit,
484 641 527 677 II.
553 641 631 682 lib.,
659 650 744 686 cap.
772 642 851 682 202,
886 642 994 686 quod
1021 641 1329 687 imaginativum
1361 651 1435 686 per
1462 651 1610 677 sensus
1638 641 1765 677 susei-

83 699 202 745 piens
240 700 431 736 materias
466 700 586 736 tradit
621 700 841 746 cogitativo
878 702 919 737 et
945 700 1177 742 discretivo,
1217 701 1258 736 et
1284 700 1380 736 inde
1415 700 1587 736 traditur
1612 709 1765 736 memo-

83 758 227 800 rativo‚
267 759 381 795 cuius
419 768 618 805 organum
657 760 720 795 est
754 759 963 804 posterior
1000 759 1252 795 ventriculus
1292 759 1462 795 cerebri.
1513 759 1613 795 Item
1651 758 1765 795 Avi-

86 827 243 854 cenna
263 818 358 854 dicit
400 818 457 853 VI.
493 817 795 854 Naturalium3
830 819 939 863 quod
975 828 1064 854 cum
1100 819 1239 854 anima
1273 818 1511 863 acquisierit
1537 818 1764 860 scientiam,

85 876 191 913 redit
227 877 278 913 ad
315 887 361 913 se
400 877 543 922 ipsam,
579 886 657 913 nec
683 877 839 923 indiget
864 878 1012 922 postea
1038 887 1212 923 corpore
1239 878 1280 913 in
1307 877 1392 913 suis
1418 877 1649 914 actionibus
1675 886 1766 922 pro-

85 936 195 981 priis,
234 936 313 972 nisi
347 936 388 972 in
427 936 628 981 aliquibus
664 937 832 977 tantum,
870 936 911 972 in
938 936 1083 981 quibus
1111 946 1214 982 opus
1242 937 1306 973 est
1330 936 1466 972 redire
1493 937 1545 972 ad
1570 936 1766 982 imagina-

84 995 250 1037 tionem,
283 995 379 1040 quia
417 995 579 1041 species
612 996 840 1032 abstractas
868 1005 951 1031 non
977 996 1099 1040 plene
1125 996 1193 1031 vel
1218 1005 1303 1032 non
1330 996 1534 1040 complete
1560 995 1602 1031 in
1629 1005 1675 1032 se
1700 995 1765 1031 fir-

88 1054 272 1095 maverit,
318 1054 422 1090 sicut
468 1054 590 1090 homo
636 1054 791 1100 indiget
829 1054 1094 1097 munimento,
1146 1054 1282 1091 donec
1320 1054 1373 1090 sit
1411 1054 1452 1090 in
1491 1054 1679 1097 termino,
1725 1055 1766 1091 et

87 1114 235 1158 postea
260 1123 354 1149 non.

222 1171 323 1208 Item
369 1172 678 1210 auctoritatibus
725 1173 849 1209 variis
891 1173 1037 1218 colligo
1077 1173 1185 1218 quod
1227 1172 1378 1218 triplex
1415 1174 1478 1209 est
1516 1172 1763 1209 memoria4:

85 1231 282 1268 memoria
320 1231 538 1273 sensibilis,
580 1231 621 1267 in
656 1241 737 1277 qua
771 1242 861 1268 cum
896 1231 1040 1268 bestiis
1085 1232 1367 1274 convenimus,
1404 1233 1445 1268 et
1475 1231 1763 1268 intellectualis

86 1290 248 1336 duplex,
283 1300 365 1327 una
391 1299 496 1336 quae
523 1290 706 1327 continet
737 1291 899 1327 animae
926 1291 1134 1327 naturales
1161 1291 1460 1336 impressiones
1487 1291 1576 1327 veri
1602 1292 1642 1327 et
1666 1291 1766 1327 boni

86 1351 126 1386 et
151 1348 315 1395 regulas
341 1350 442 1386 lucis
469 1350 678 1391 aeternae,
706 1351 746 1386 et
772 1351 874 1386 haec
901 1359 1058 1396 organo
1085 1359 1171 1386 non
1190 1350 1325 1392 utitur,
1352 1350 1432 1386 alio
1454 1351 1576 1386 modo
1599 1351 1663 1386 est
1682 1359 1766 1387 me-

86 1409 217 1445 moria
241 1409 502 1451 intellectiva,
538 1418 644 1454 quae
670 1409 815 1454 recipit
851 1409 1014 1454 species
1040 1418 1066 1445 a
1090 1409 1446 1454 phantasmatibus
1474 1409 1696 1454 depuratas
1724 1410 1765 1445 et

83 1468 383 1504 intellectuales
412 1467 594 1504 effectas.
642 1467 690 1504 Et
714 1468 829 1509 haec,
862 1468 957 1504 licet
983 1477 1140 1514 organo
1167 1477 1251 1504 non
1278 1469 1415 1504 utatur
1438 1478 1514 1513 per
1540 1478 1598 1510 se,
1625 1469 1764 1504 tamen

84 1536 158 1572 per
183 1526 377 1564 accidens
398 1536 575 1563 necesse
594 1527 719 1563 habet
737 1527 790 1564 ad
811 1536 1011 1573 organum
1030 1536 1260 1569 recurrere,
1288 1528 1332 1562 ut
1352 1526 1448 1563 dicit
1467 1526 1762 1563 Avicenna5.

86 1585 167 1623 Sed
204 1586 334 1631 prima
369 1587 409 1622 et
445 1586 566 1622 tertia
602 1587 761 1631 tempus
801 1587 1065 1628 concernunt,
1105 1586 1289 1622 secunda
1326 1595 1421 1622 non.
1470 1586 1519 1622 Et
1556 1586 1662 1622 haec
1689 1587 1763 1628 est,

86 1654 190 1690 quae
216 1645 393 1690 pertinet
419 1645 471 1681 ad
495 1645 724 1691 imaginem.

224 1705 256 1740 4.
282 1703 330 1741 Et
356 1704 415 1740 sic
440 1704 554 1749 patet
578 1705 630 1741 ad
658 1706 855 1750 quartum.

225 1764 257 1804 5,
283 1763 346 1799 Ad
373 1763 556 1808 quintum
582 1763 799 1800 dicendum
826 1765 933 1809 quod
959 1765 1191 1800 intellectus
1218 1774 1361 1811 agens,
1401 1765 1627 1801 secundum
1654 1765 1762 1809 quod

87 1822 315 1858 creaturam
353 1822 546 1863 nominat,
585 1823 681 1859 nihil
720 1824 793 1865 est,
832 1824 875 1859 ut
908 1824 1043 1865 credo,
1081 1823 1161 1859 nisi
1186 1824 1249 1860 vis
1276 1823 1507 1860 intellectus
1532 1823 1762 1865 formativa‚

87 1890 167 1926 qua
205 1881 343 1926 potest
388 1891 433 1918 se
479 1882 589 1918 omni
630 1882 872 1928 intelligibili
914 1882 1153 1919 assimilare.
1226 1882 1274 1918 Et
1314 1883 1421 1927 quod
1460 1882 1558 1919 dicit
1600 1882 1662 1919 Ph
1674 1882 1764 1919 ilo-

87 1940 308 1985 sophus⁶‚
353 1939 447 1985 quia
483 1940 714 1977 intellectus
755 1941 892 1978 omnia
930 1951 1095 1986 semper
1131 1941 1319 1988 intelligit
1356 1941 1398 1977 in
1435 1942 1541 1985 actu,
1580 1941 1631 1978 de
1669 1941 1761 1978 luce

87 1999 257 2035 aeterna
281 1998 589 2045 intelligendum
620 2001 693 2036 est.
743 2000 819 2037 Vel
851 2002 914 2037 est
948 2001 1179 2037 intellectus
1215 2009 1347 2047 agens
1381 2000 1528 2046 aliquis
1564 2000 1761 2037 naturalis

87 2058 281 2103 splendor
305 2057 546 2101 intellectus,
573 2058 769 2096 differens
797 2060 847 2096 ab
874 2059 1082 2096 intellectu
1106 2060 1304 2105 possibili,
1331 2060 1434 2096 sicut
1454 2059 1647 2096 differunt
1672 2068 1762 2104 per-

88 2116 281 2161 spicuitas
302 2117 344 2153 et
363 2117 582 2154 radiositas
610 2118 725 2155 oculi.
774 2118 822 2154 Et
847 2128 1104 2164 quocumque
1131 2119 1253 2155 modo
1280 2119 1342 2161 sit,
1370 2119 1422 2154 ad
1448 2118 1762 2164 intelligentiam

87 2175 263 2221 pertinet
287 2185 392 2220 quae
419 2177 470 2212 de
492 2177 689 2214 memoria
713 2177 920 2219 formatur,
948 2178 1043 2223 quia
1068 2178 1156 2223 ipse
1184 2179 1248 2213 est
1273 2177 1377 2213 ratio
1400 2176 1604 2213 formandi
1631 2186 1656 2213 a
1680 2186 1762 2213 me-

88 2235 216 2270 moria
246 2245 329 2271 non
360 2235 595 2272 formabilis.
645 2236 734 2272 Non
770 2238 834 2273 est
868 2238 1005 2273 autem
1041 2237 1207 2273 diversa
1241 2236 1427 2282 potentia
1461 2237 1513 2272 ab
1551 2236 1762 2273 intellectu

87 2293 281 2338 possibili,
308 2294 381 2330 sed
406 2294 588 2340 aptitudo
616 2295 779 2332 diversa
804 2296 990 2332 eiusdem
1015 2295 1238 2341 potentiae.

228 2404 316 2437 3—4
342 2404 414 2444 XV,
441 2413 520 2445 cap.
549 2404 605 2444 23]
639 2405 683 2437 III
708 2405 750 2438 29
857 2406 875 2437 7
904 2404 959 2444 20]
995 2405 1035 2437 18
1140 2405 1181 2437 16
1218 2406 1275 2437 est
1306 2404 1493 2444 memoria]
1529 2405 1686 2438 additur
1720 2405 1761 2437 in

89 2457 271 2497 maraine,
302 2457 343 2490 in
374 2459 473 2492 textu
503 2460 557 2491 est
582 2458 721 2490 lacuna
830 2458 869 2490 21
900 2457 1065 2497 effectas]
1092 2458 1246 2493 effectus
1358 2458 1399 2490 31
1428 2453 1613 2497 differunt]
1639 2458 1762 2491 differt

229 2568 242 2590 1
268 2568 324 2601 PL
350 2569 403 2608 42,
431 2569 531 2602 1089.

227 2620 243 2643 2
269 2618 345 2661 „To
369 2621 442 2664 μὲν
466 2621 535 2652 οὖν
562 2620 817 2663 φανταστικὸν,
855 2619 916 2652 διὰ
943 2623 1015 2652 τῶν
1040 2619 1256 2663 αἰσθήσεων
1281 2619 1663 2665 ἀντιλαμβανόμενον
1689 2623 1762 2654 τῶν

92 2670 197 2705 ὑλῶν
217 2671 447 2717 παραδίδωσι
467 2676 514 2715 τῷ
534 2672 766 2716 ὅιανοητικῷ,
787 2673 810 2715 ἤ
831 2671 1106 2716 ὁιαλογιστικῷ·
1135 2673 1268 2705 ταυτὸν
1287 2673 1356 2718 γὰρ
1376 2673 1577 2718 ἀμφότερα·
1607 2675 1625 2706 ὃ
1645 2685 1760 2718 παρα-

91 2723 212 2766 λαβὸν
236 2725 299 2757 καὶ
324 2726 466 2770 κρίναν,
493 2726 738 2769 παραπέμπει
760 2728 805 2767 τῷ
832 2728 1130 2769 μνημονευτιῃκῷ,
1170 2725 1330 2771 ὄργανον
1357 2725 1396 2758 δὲ
1421 2729 1484 2758 τοῦ
1510 2738 1760 2770 μνημονευτο-

92 2780 159 2810 κοῦ
184 2780 208 2821 ἡ
234 2775 394 2811 ὄπισθεν
419 2776 547 2810 κοιλία
573 2780 636 2810 τοῦ
661 2776 908 2822 ἐνκεφάλσυ.“
948 2777 1023 2819 (PG
1048 2780 1102 2819 94,
1130 2776 1224 2820 939.)

229 2830 244 2853 3
269 2831 310 2871 V,
337 2832 367 2864 3.

229 2883 245 2907 4
270 2884 343 2918 Cir..
374 2884 631 2920 Alexander
663 2885 889 2925 Halensis,
925 2885 959 2918 S.
995 2886 1094 2926 p.11,
1129 2894 1162 2926 q.
1190 2886 1244 2925 62,
1277 2895 1321 2918 m.
1351 2887 1381 2925 5,
1421 2895 1451 2919 a.
1480 2887 1516 2926 7;
1554 2887 1711 2919 Petrus
1738 2896 1757 2919 a

91 2937 196 2976 Tar„
232 2935 377 2976 Sent.1,
413 2937 445 2969 d.
472 2938 503 2977 3,
539 2947 572 2978 q.
600 2939 630 2977 5,
666 2944 697 2970 a.
725 2938 761 2977 1;
798 2938 1127 2977 Bonaventura,
1165 2936 1231 2979 Op.
1260 2947 1359 2971 omn.
1385 2939 1409 2979 Ι,
1436 2939 1478 2973 81
1515 2936 1577 2980 (ad
1603 2935 1656 2978 3);
1694 2939 1758 2975 cfr.

92 2989 238 3027 ibidem,
264 2988 305 3029 V,
332 2989 409 3028 303,
434 2990 467 3022 2.

231 3040 245 3063 ⁵
276 3041 329 3076 VI.
354 3042 438 3076 Nat.
465 3041 521 3082 IV,
549 3043 578 3076 1.
718 3042 733 3064 ⁶
757 3043 810 3078 De
838 3044 975 3078 Anima
999 3044 1052 3085 ΙΙΙ,
1080 3044 1110 3078 7.
