2095 3459
814 210 986 247 Quaestio
1014 210 1097 242 VIII.
1751 209 1789 242 81

262 304 294 341 7.
322 304 417 341 Item
445 306 478 341 si
503 309 757 351 <nunquam>
780 307 993 352 cognoscit
1015 307 1163 352 aliquid
1193 307 1268 342 nisi
1299 316 1370 351 per
1391 307 1703 347 similitudinem,
1727 309 1795 343 aut

122 373 196 409 per
222 364 327 400 illam
355 365 656 401 similitudinem
684 366 908 411 cognoscit,
940 366 977 401 in
1006 367 1198 410 quantum
1228 367 1291 401 est
1317 367 1517 411 quaedam
1547 366 1728 402 essentia
1754 367 1792 402 in

123 432 181 465 se,
207 424 278 459 aut
302 433 377 468 per
402 424 520 465 illam,
548 424 587 460 in
614 425 807 469 quantum
836 426 899 461 est
926 425 1077 462 similis.
1129 425 1216 461 Non
1245 426 1373 470 primo
1401 427 1533 466 modo,
1570 426 1664 471 quia
1699 426 1795 461 nihil

123 482 232 518 ducit
251 482 290 518 in
312 483 494 523 alterum,
522 483 562 519 in
589 484 782 528 quantum
810 485 873 520 est
892 485 944 520 ab
966 494 1015 520 eo
1038 484 1299 529 disparatum.
1337 484 1375 519 Si
1399 495 1472 529 per
1493 485 1792 521 similitudmem

86 549 102 574 5
123 542 346 587 cognoscit,
373 542 413 577 In
440 544 633 587 quantum
656 544 720 578 est
740 543 892 585 similis,
920 544 1081 579 contra:
1116 544 1211 579 nihil
1238 544 1500 588 cognoscitur
1526 554 1599 589 per
1625 545 1793 580 alterum

122 601 161 637 in
188 603 381 646 quantum
410 601 551 642 simile,
587 602 664 637 nisi
696 602 961 647 praecognito
989 602 1056 638 illo
1084 602 1147 638 cui
1175 603 1238 638 est
1266 603 1407 639 simile.
1460 603 1570 639 Sicut
1596 603 1706 648 prius
1733 604 1795 639 est

121 660 351 696 absolutum
373 670 493 705 quam
514 661 738 701 relativum,
763 661 820 697 ita
844 661 955 706 prius
984 663 1287 707 cognoscuntur
1314 663 1500 698 extrema
1527 662 1796 698 similitudinis

122 719 162 755 in
184 729 242 761 se,
264 729 384 764 quam
404 730 527 756 unum
548 720 810 765 cognoscitur
829 720 946 756 alteri
967 730 1063 756 esse
1085 720 1227 757 simile.
1268 720 1373 767 Ergo
1395 722 1428 757 si
1449 731 1514 757 res
1535 722 1797 768 cognoscitur

122 788 196 823 per
221 778 535 821 similitudinem,
574 779 613 815 in
652 780 847 825 quantum
886 779 1104 816 similitudo
1144 780 1218 821 est,
1257 780 1367 825 prius
1404 781 1666 826 cognoscitur
1700 790 1795 817 esse

70 844 104 869 10
121 838 273 879 similis,
301 839 341 874 et
361 838 416 874 ita
434 838 545 883 prius
565 839 826 884 cognoscitur
847 838 934 874 eius
957 838 1254 875 correlativum.
1300 839 1415 880 Quod
1445 841 1508 876 est
1532 840 1795 885 impossibile.

261 898 293 933 8.
331 897 431 933 Item
469 898 504 933 si
538 907 612 942 per
638 897 940 934 similitudinem
976 899 1262 944 cognoscatur,
1299 898 1389 943 Ipsa
1415 899 1633 935 similitudo
1659 900 1796 944 potest

122 956 318 1002 cognosci
344 953 395 993 ab
421 957 640 993 intellectu.
679 957 760 993 Sed
787 957 877 1001 ipsa
903 956 1122 993 similitudo
1143 957 1253 993 nullo
1277 958 1399 994 modo
1426 958 1562 1002 potest
1590 959 1795 1003 cognosci,

121 1015 226 1062 Ergo
265 1025 347 1052 non
387 1017 451 1052 est
488 1016 543 1052 ibi
580 1016 716 1061 aliqua
753 1016 844 1052 talis
884 1016 1114 1052 similitudo.
1167 1015 1284 1057 Quod
1321 1018 1457 1053 autem
1485 1017 1552 1053 illa
1579 1017 1795 1054 similitudo

123 1075 317 1121 cognosci
344 1085 427 1111 non
455 1075 596 1120 possit,
634 1076 836 1120 probabat
862 1075 930 1111 sic.
983 1074 1184 1115 Quoniam
1223 1076 1441 1112 similitudo
1480 1077 1546 1113 illa
1582 1086 1677 1113 esse
1714 1087 1795 1113 non

72 1139 104 1165 15
123 1135 270 1180 potest,
297 1134 374 1170 nisi
394 1135 699 1171 continuaretur
720 1144 810 1170 cum
838 1144 913 1170 sua
939 1134 1108 1180 origine.
1146 1134 1194 1170 Et
1218 1135 1297 1171 hoc
1325 1145 1420 1171 esse
1447 1145 1529 1172 non
1550 1137 1698 1181 potest,
1720 1136 1796 1171 nisi

122 1193 352 1230 intellectus
379 1195 472 1230 actu
498 1194 683 1230 intendat
709 1193 749 1230 in
776 1194 826 1235 id,
853 1193 967 1230 cuius
996 1195 1060 1230 est
1086 1194 1316 1230 similitudo.
1366 1194 1455 1231 Non
1490 1196 1625 1231 autem
1662 1196 1797 1239 potest

123 1253 308 1289 converti
334 1262 458 1298 super
484 1253 665 1298 speciem
692 1253 801 1290 illam
826 1253 869 1289 ut
895 1253 1110 1294 obiectum,
1150 1253 1228 1289 nisi
1254 1254 1464 1290 avertatur
1498 1255 1549 1290 ab
1586 1254 1652 1290 illo
1683 1254 1796 1290 cuius

125 1313 197 1348 est.
256 1311 305 1348 Et
341 1312 449 1349 facta
485 1312 705 1348 aversione
745 1312 1013 1357 corrumpitur
1050 1313 1329 1355 (similitudo.)
1389 1312 1494 1359 Ergo
1540 1323 1622 1350 non
1661 1315 1797 1358 potest

125 1372 321 1418 cognosci
346 1371 562 1413 obiective‚
588 1372 666 1407 nisi
693 1372 985 1417 corrumpatur.
1034 1371 1139 1417 Ergo
1167 1381 1256 1408 cum
1284 1372 1362 1408 hoc
1389 1372 1440 1408 sit
1466 1373 1730 1418 impossibile,
1758 1374 1797 1409 et

71 1435 105 1461 20
124 1431 376 1476 impossibile
404 1432 468 1467 est
492 1431 547 1467 ibi
572 1431 693 1467 aliam
719 1440 815 1467 esse
843 1431 1034 1476 speciem.

263 1492 296 1527 9.
321 1491 421 1528 Item
447 1490 553 1527 inter
578 1490 770 1527 accidens
799 1491 839 1526 et
860 1490 1087 1526 subiectum
1107 1500 1191 1526 non
1212 1490 1319 1526 cadit
1339 1491 1525 1527 medium.
1564 1491 1796 1528 Intellectus

125 1551 263 1586 autem
299 1550 447 1595 accipit
481 1549 676 1586 scientias
715 1550 755 1585 et
792 1550 914 1589 artes,
953 1549 1188 1594 priusquam
1226 1549 1267 1585 in
1304 1550 1501 1586 memoria
1532 1551 1796 1595 reponantur.

125 1608 230 1655 Ergo
258 1609 293 1645 si
316 1609 358 1645 in
384 1608 622 1654 accipiendo
649 1618 771 1645 verus
799 1610 863 1644 est
888 1608 1130 1650 intellectus,
1156 1608 1301 1653 recipit
1327 1618 1377 1645 ea
1403 1610 1445 1644 ut
1468 1609 1697 1646 accidentia
1724 1620 1797 1646 sua

128 1669 169 1705 et
193 1669 236 1705 ut
261 1668 339 1705 sibi
363 1668 630 1705 inhaerentia.
681 1668 761 1705 Sed
788 1668 1005 1704 inhaerent
1031 1668 1120 1704 sine
1148 1667 1293 1703 medio.
1343 1667 1448 1713 Ergo
1485 1669 1525 1704 et
1551 1669 1699 1714 accipit
1726 1678 1796 1705 eas

75 1735 109 1761 25
129 1727 218 1764 sine
243 1727 390 1764 medio.
438 1727 544 1773 Ergo
570 1727 679 1763 nulla
705 1727 922 1763 similitudo
950 1727 1085 1763 media
1111 1728 1185 1763 est.

267 1787 321 1823 10.
347 1786 447 1823 Item
472 1786 609 1823 verior
635 1787 699 1822 est
725 1785 902 1832 cognitio
929 1786 988 1822 rei
1014 1795 1088 1831 per
1114 1795 1189 1822 sua
1214 1786 1413 1832 principia
1438 1796 1558 1832 quam
1582 1796 1655 1832 per
1681 1797 1795 1823 suam

129 1845 441 1882 similitudinem.
489 1845 722 1882 Intellectus
749 1846 873 1881 habet
901 1845 1153 1881 verissimam
1180 1845 1455 1891 cognitionem
1478 1847 1518 1882 et
1537 1847 1661 1882 habet
1683 1846 1722 1882 in
1752 1856 1796 1882 se

129 1905 326 1950 principia
351 1905 622 1941 scientiarum.
671 1904 776 1950 Ergo
813 1904 1026 1948 cognoscit
1064 1903 1258 1940 scientias
1299 1914 1372 1949 per
1410 1914 1485 1941 sua
1522 1905 1719 1950 principia
1758 1907 1796 1941 et

129 1974 212 2001 non
237 1974 312 2009 per
337 1964 628 2000 similitudines.

79 2037 113 2062 30
271 2025 325 2059 11.
351 2023 448 2060 Item
470 2023 795 2069 Augustinus,
816 2023 874 2058 De
893 2023 1001 2059 Trin.
1018 2022 1119 2065 XIV,
1134 2032 1220 2068 cap.
1235 2024 1281 2059 31
1308 2023 1403 2059 dicit
1422 2024 1530 2068 quod
1549 2023 1654 2060 fides
1680 2023 1796 2060 aliter

130 2082 228 2119 tacit
251 2083 470 2119 trinitatem
496 2084 658 2124 absens,
697 2083 815 2118 aliter
849 2091 1063 2127 praesens.
1114 2081 1218 2122 Quia
1251 2083 1403 2118 absens
1439 2083 1699 2128 cognoscitur
1724 2093 1796 2128 per

132 2142 283 2187 aliquid
320 2142 502 2178 relictum
540 2141 580 2177 in
618 2142 824 2183 memoria,
869 2142 920 2178 ad
967 2142 1076 2186 quod
1118 2141 1365 2177 recurrimus
1407 2151 1497 2178 eam
1536 2142 1795 2187 praeteritam

132 2202 409 2238 recordantes.
458 2200 556 2237 Cum
582 2201 718 2237 autem
743 2210 954 2246 praesens,
993 2200 1091 2237 nihil
1125 2201 1206 2236 tale
1242 2202 1306 2236 est
1342 2200 1460 2236 nobis
1494 2201 1598 2236 ratio
1626 2210 1796 2247 cognos-

134 2260 265 2302 cendi,
291 2261 364 2296 sed
389 2260 478 2305 ipsa
502 2269 576 2305 per
600 2259 876 2305 praesentiam
904 2269 1019 2295 suam
1045 2260 1214 2296 videtur.
1263 2259 1368 2304 Ergo
1397 2261 1470 2295 etc.

82 2332 116 2358 35
274 2320 327 2355 12.
364 2319 462 2355 Item
497 2319 703 2364 potentius
743 2320 806 2355 est
842 2319 977 2355 lumen
1017 2318 1225 2364 spirituale
1264 2328 1383 2363 quam
1409 2318 1546 2354 lumen
1573 2318 1795 2362 corporale.

136 2377 216 2415 Sed
242 2377 378 2414 lumen
403 2378 663 2422 <corporale>
689 2387 762 2422 per
789 2387 835 2413 se
861 2377 1031 2414 videtur.
1070 2377 1118 2413 Et
1143 2386 1242 2413 vera
1267 2376 1341 2412 Dei
1367 2376 1518 2412 lumina
1544 2377 1648 2412 sunt.
1691 2376 1794 2421 Ergo

136 2446 209 2482 per
234 2445 281 2472 se
306 2437 504 2473 videntur.

276 2496 329 2532 13.
356 2495 455 2531 Item
477 2495 768 2531 Averroes2:
790 2495 855 2539 „In
874 2495 937 2531 his
958 2504 1063 2540 quae
1082 2504 1164 2531 non
1184 2495 1337 2531 habent
1356 2494 1535 2538 speciem
1554 2493 1595 2529 in
1616 2493 1795 2533 materia.

137 2563 220 2590 non
247 2555 312 2590 est
335 2554 442 2590 aliud
468 2553 695 2600 intelligere
721 2563 841 2599 quam
867 2554 986 2595 <illud
1012 2562 1085 2598 per
1110 2554 1242 2598 quod>
1268 2552 1501 2598 intelligitur
1536 2553 1576 2588 et
1607 2552 1715 2588 aliud
1740 2552 1796 2588 in-

136 2613 265 2649 tentio
286 2612 374 2648 sive
393 2611 533 2654 forma,
553 2622 633 2657 qua
652 2613 746 2649 sunt
763 2612 803 2648 id
821 2613 929 2657 quod
948 2612 1073 2648 sunt.“
1113 2611 1192 2648 Sed
1215 2620 1319 2656 quae
1341 2611 1543 2656 pertinent
1563 2612 1612 2647 ad
1635 2610 1794 2646 tertium

85 2676 120 2702 40
138 2680 269 2718 genus
295 2671 465 2708 visionis
492 2671 585 2707 sunt
609 2670 898 2707 immaterialia.
947 2670 1052 2716 Ergo
1080 2670 1154 2706 etc.

277 2796 297 2831 4
317 2797 373 2838 θο]
391 2797 428 2836 -1-
445 2799 481 2830 θῖ
540 2797 583 2837 si]
609 2798 673 2830 sed
752 2798 792 2829 11
820 2796 1024 2836 similitudo]
1046 2796 1082 2835 †
1100 2805 1172 2829 non
1249 2796 1292 2829 32
1317 2796 1546 2835 recurrimus]
1569 2805 1795 2829 recurramus

141 2851 183 2885 33
208 2850 453 2890 recordantes]
485 2850 724 2883 decordantes
817 2851 859 2883 35
885 2849 1085 2890 spirituale]
1117 2850 1305 2890 corporale
1377 2848 1578 2889 corporale]
1610 2849 1796 2889 spirituale·

277 2979 291 3003 1
315 2980 371 3013 PL
396 2980 449 3020 42,
477 2980 564 3013 1039
590 2988 623 3012 n.
652 2981 681 3012 5.

277 3032 293 3055 ²
316 3034 370 3066 De
392 3032 531 3066 Anima
554 3033 608 3072 ΙΙΙ,
635 3033 654 3064 4
682 3027 784 3074 (text.
813 3031 879 3071 15).
930 3031 1000 3065 Cir.
1026 3031 1187 3072 Metaph.
1214 3031 1268 3070 XI,
1295 3032 1314 3063 9
1341 3031 1425 3070 (XII,
1451 3031 1538 3062 text.
1567 3030 1633 3067 51).

210 3104 324 3133 Beitr.
343 3104 414 3137 XIX,
429 3103 482 3138 5l6.
501 3104 716 3138 Hieronym.
737 3103 971 3138 Spettmann,
993 3103 1140 3130 Johannis
1155 3102 1294 3131 Pcehami
1311 3102 1517 3132 Quaestiones.
1660 3099 1678 3133 6
