<?xml version="1.0" encoding="UTF-8"?>
<!DOCTYPE html PUBLIC "-//W3C//DTD XHTML 1.0 Transitional//EN"
    "http://www.w3.org/TR/xhtml1/DTD/xhtml1-transitional.dtd">
<html xmlns="http://www.w3.org/1999/xhtml" xml:lang="en" lang="en">
 <head>
  <title>
</title>
<meta http-equiv="Content-Type" content="text/html;charset=utf-8" />
  <meta name='ocr-system' content='tesseract 3.04.00' />
  <meta name='ocr-capabilities' content='ocr_page ocr_carea ocr_par ocr_line ocrx_word'/>
</head>
<body>
  <div class='ocr_page' id='page_1' title='image "./johannispechamiq00peck/johannispechamiq00peck_0087.png"; bbox 0 0 2095 3459; ppageno 0'>
   <div class='ocr_carea' id='block_1_1' title="bbox 796 183 1772 224">
    <p class='ocr_par' dir='ltr' id='par_1_1' title="bbox 796 183 1772 224">
     <span class='ocr_line' id='line_1_1' title="bbox 796 183 1772 224; baseline -0.001 -6"><span class='ocrx_word' id='word_1_1' title='bbox 796 187 967 224; x_wconf 76' lang='lat' dir='ltr'>Quaestio</span> <span class='ocrx_word' id='word_1_2' title='bbox 997 187 1049 219; x_wconf 73' lang='grc' dir='ltr'>Ν.</span> <span class='ocrx_word' id='word_1_3' title='bbox 1729 183 1772 218; x_wconf 81' lang='grc'>43</span> 
     </span>
    </p>
   </div>
   <div class='ocr_carea' id='block_1_2' title="bbox 49 283 1786 2236">
    <p class='ocr_par' dir='ltr' id='par_1_2' title="bbox 96 283 1773 508">
     <span class='ocr_line' id='line_1_2' title="bbox 236 283 1770 329; baseline -0.002 -8"><span class='ocrx_word' id='word_1_4' title='bbox 236 286 290 321; x_wconf 82' lang='lat'>23.</span> <span class='ocrx_word' id='word_1_5' title='bbox 317 284 378 321; x_wconf 92' lang='lat' dir='ltr'>Ad</span> <span class='ocrx_word' id='word_1_6' title='bbox 406 285 628 321; x_wconf 88' lang='lat' dir='ltr'>secundum</span> <span class='ocrx_word' id='word_1_7' title='bbox 658 284 880 323; x_wconf 81' lang='lat' dir='ltr'>dicebatur.</span> <span class='ocrx_word' id='word_1_8' title='bbox 909 285 1015 329; x_wconf 88' lang='lat' dir='ltr'>quod</span> <span class='ocrx_word' id='word_1_9' title='bbox 1042 284 1123 320; x_wconf 89' lang='lat' dir='ltr'>alia</span> <span class='ocrx_word' id='word_1_10' title='bbox 1145 284 1275 320; x_wconf 75' lang='lat' dir='ltr'>forma</span> <span class='ocrx_word' id='word_1_11' title='bbox 1297 293 1369 328; x_wconf 88' lang='lat' dir='ltr'>per</span> <span class='ocrx_word' id='word_1_12' title='bbox 1390 283 1770 319; x_wconf 76' lang='lat' dir='ltr'>transmutationem</span> 
     </span>
     <span class='ocr_line' id='line_1_3' title="bbox 96 343 1770 391; baseline -0.002 -10"><span class='ocrx_word' id='word_1_13' title='bbox 96 346 318 391; x_wconf 82' lang='lat' dir='ltr'>generatur</span> <span class='ocrx_word' id='word_1_14' title='bbox 343 345 383 380; x_wconf 80' lang='lat' dir='ltr'>In</span> <span class='ocrx_word' id='word_1_15' title='bbox 411 346 552 380; x_wconf 87' lang='lat' dir='ltr'>morte.</span> <span class='ocrx_word' id='word_1_16' title='bbox 604 343 685 380; x_wconf 86' lang='lat' dir='ltr'>Sed</span> <span class='ocrx_word' id='word_1_17' title='bbox 713 344 857 379; x_wconf 85' lang='lat' dir='ltr'>contra</span> <span class='ocrx_word' id='word_1_18' title='bbox 882 352 1056 388; x_wconf 79' lang='lat' dir='ltr'><strong>quaero:</strong></span> <span class='ocrx_word' id='word_1_19' title='bbox 1097 344 1130 379; x_wconf 90' lang='lat' dir='ltr'>si</span> <span class='ocrx_word' id='word_1_20' title='bbox 1157 343 1270 385; x_wconf 81' lang='lat' dir='ltr'>&lt;sola</span> <span class='ocrx_word' id='word_1_21' title='bbox 1308 343 1443 379; x_wconf 84' lang='lat' dir='ltr'>anima</span> <span class='ocrx_word' id='word_1_22' title='bbox 1469 343 1679 379; x_wconf 87' lang='lat' dir='ltr'>rationalis</span> <span class='ocrx_word' id='word_1_23' title='bbox 1708 344 1770 378; x_wconf 82' lang='lat' dir='ltr'>est</span> 
     </span>
     <span class='ocr_line' id='line_1_4' title="bbox 97 402 1771 449; baseline -0.002 -8"><span class='ocrx_word' id='word_1_24' title='bbox 97 404 237 446; x_wconf 79' lang='lat' dir='ltr'>forma,</span> <span class='ocrx_word' id='word_1_25' title='bbox 274 405 366 446; x_wconf 86' lang='lat' dir='ltr'>aut&gt;</span> <span class='ocrx_word' id='word_1_26' title='bbox 404 405 455 440; x_wconf 87' lang='lat' dir='ltr'>de</span> <span class='ocrx_word' id='word_1_27' title='bbox 482 404 618 449; x_wconf 90' lang='lat' dir='ltr'>aliquo</span> <span class='ocrx_word' id='word_1_28' title='bbox 645 405 867 449; x_wconf 86' lang='lat' dir='ltr'>generatur</span> <span class='ocrx_word' id='word_1_29' title='bbox 892 405 961 439; x_wconf 88' lang='lat' dir='ltr'>aut</span> <span class='ocrx_word' id='word_1_30' title='bbox 986 404 1037 440; x_wconf 86' lang='lat' dir='ltr'>dc</span> <span class='ocrx_word' id='word_1_31' title='bbox 1065 404 1187 439; x_wconf 91' lang='lat' dir='ltr'>nihilo</span> <span class='ocrx_word' id='word_1_32' title='bbox 1214 402 1292 438; x_wconf 61' lang='lat' dir='ltr'>fitz)</span> <span class='ocrx_word' id='word_1_33' title='bbox 1343 402 1384 439; x_wconf 87' lang='lat' dir='ltr'>Si</span> <span class='ocrx_word' id='word_1_34' title='bbox 1411 403 1461 439; x_wconf 89' lang='lat' dir='ltr'>de</span> <span class='ocrx_word' id='word_1_35' title='bbox 1490 403 1624 443; x_wconf 82' lang='lat' dir='ltr'>nihilo,</span> <span class='ocrx_word' id='word_1_36' title='bbox 1652 403 1771 438; x_wconf 89' lang='lat' dir='ltr'>homo</span> 
     </span>
     <span class='ocr_line' id='line_1_5' title="bbox 98 462 1773 508; baseline -0.001 -8"><span class='ocrx_word' id='word_1_37' title='bbox 98 474 179 500; x_wconf 91' lang='lat' dir='ltr'>non</span> <span class='ocrx_word' id='word_1_38' title='bbox 209 463 374 500; x_wconf 91' lang='lat' dir='ltr'>moritur</span> <span class='ocrx_word' id='word_1_39' title='bbox 400 463 479 499; x_wconf 88' lang='lat' dir='ltr'>nisi</span> <span class='ocrx_word' id='word_1_40' title='bbox 504 473 579 508; x_wconf 90' lang='lat' dir='ltr'>per</span> <span class='ocrx_word' id='word_1_41' title='bbox 605 463 852 499; x_wconf 87' lang='lat' dir='ltr'>miraculum.</span> <span class='ocrx_word' id='word_1_42' title='bbox 881 462 921 498; x_wconf 83' lang='lat' dir='ltr'>Si</span> <span class='ocrx_word' id='word_1_43' title='bbox 942 463 991 498; x_wconf 90' lang='lat' dir='ltr'>de</span> <span class='ocrx_word' id='word_1_44' title='bbox 1013 463 1160 508; x_wconf 78' lang='lat' dir='ltr'>aliquo,</span> <span class='ocrx_word' id='word_1_45' title='bbox 1190 472 1269 498; x_wconf 90' lang='lat' dir='ltr'>non</span> <span class='ocrx_word' id='word_1_46' title='bbox 1291 464 1341 498; x_wconf 88' lang='lat' dir='ltr'>(le</span> <span class='ocrx_word' id='word_1_47' title='bbox 1368 462 1552 498; x_wconf 81' lang='lat' dir='ltr'>essentia</span> <span class='ocrx_word' id='word_1_48' title='bbox 1578 463 1773 498; x_wconf 84' lang='lat' dir='ltr'>materiae</span> 
     </span>
    </p>

    <p class='ocr_par' dir='ltr' id='par_1_3' title="bbox 62 519 1775 628">
     <span class='ocr_line' id='line_1_6' title="bbox 62 519 1775 569; baseline -0.001 -10"><span class='ocrx_word' id='word_1_49' title='bbox 62 523 264 569; x_wconf 72' lang='lat' dir='ltr'>⁵primae.</span> <span class='ocrx_word' id='word_1_50' title='bbox 314 522 418 568; x_wconf 84' lang='lat' dir='ltr'>Ergo</span> <span class='ocrx_word' id='word_1_51' title='bbox 455 524 506 559; x_wconf 90' lang='lat' dir='ltr'>de</span> <span class='ocrx_word' id='word_1_52' title='bbox 545 523 681 567; x_wconf 89' lang='lat' dir='ltr'>aliqua</span> <span class='ocrx_word' id='word_1_53' title='bbox 718 519 902 567; x_wconf 79' lang='lat' dir='ltr'>&#39;potentia</span> <span class='ocrx_word' id='word_1_54' title='bbox 941 532 1046 567; x_wconf 88' lang='lat' dir='ltr'>quae</span> <span class='ocrx_word' id='word_1_55' title='bbox 1086 523 1149 558; x_wconf 89' lang='lat' dir='ltr'>est</span> <span class='ocrx_word' id='word_1_56' title='bbox 1186 522 1318 558; x_wconf 81' lang='lat' dir='ltr'>forma</span> <span class='ocrx_word' id='word_1_57' title='bbox 1355 522 1491 567; x_wconf 87' lang='lat' dir='ltr'>aliqua</span> <span class='ocrx_word' id='word_1_58' title='bbox 1530 521 1568 557; x_wconf 88' lang='lat' dir='ltr'>in</span> <span class='ocrx_word' id='word_1_59' title='bbox 1605 521 1775 558; x_wconf 87' lang='lat' dir='ltr'>materia</span> 
     </span>
     <span class='ocr_line' id='line_1_7' title="bbox 98 581 1657 628; baseline -0.002 -9"><span class='ocrx_word' id='word_1_60' title='bbox 98 584 262 628; x_wconf 88' lang='lat' dir='ltr'>praeter</span> <span class='ocrx_word' id='word_1_61' title='bbox 287 583 463 619; x_wconf 88' lang='lat' dir='ltr'>animam</span> <span class='ocrx_word' id='word_1_62' title='bbox 490 582 744 618; x_wconf 87' lang='lat' dir='ltr'>rationalem.</span> <span class='ocrx_word' id='word_1_63' title='bbox 794 581 899 627; x_wconf 87' lang='lat' dir='ltr'>Ergo</span> <span class='ocrx_word' id='word_1_64' title='bbox 928 592 1008 618; x_wconf 91' lang='lat' dir='ltr'>non</span> <span class='ocrx_word' id='word_1_65' title='bbox 1037 583 1101 617; x_wconf 86' lang='lat' dir='ltr'>est</span> <span class='ocrx_word' id='word_1_66' title='bbox 1126 582 1180 618; x_wconf 91' lang='lat' dir='ltr'>ibi</span> <span class='ocrx_word' id='word_1_67' title='bbox 1207 582 1296 617; x_wconf 90' lang='lat' dir='ltr'>sola</span> <span class='ocrx_word' id='word_1_68' title='bbox 1322 581 1493 617; x_wconf 90' lang='lat' dir='ltr'>materia</span> <span class='ocrx_word' id='word_1_69' title='bbox 1519 581 1657 626; x_wconf 87' lang='lat' dir='ltr'>prima.</span> 
     </span>
    </p>

    <p class='ocr_par' dir='ltr' id='par_1_4' title="bbox 99 640 1775 807">
     <span class='ocr_line' id='line_1_8' title="bbox 238 640 1774 686; baseline 0.001 -8"><span class='ocrx_word' id='word_1_70' title='bbox 238 644 292 678; x_wconf 80' lang='lat'>24.</span> <span class='ocrx_word' id='word_1_71' title='bbox 327 642 425 678; x_wconf 87' lang='lat' dir='ltr'>Item</span> <span class='ocrx_word' id='word_1_72' title='bbox 457 642 491 678; x_wconf 90' lang='lat' dir='ltr'>si</span> <span class='ocrx_word' id='word_1_73' title='bbox 525 641 774 678; x_wconf 83' lang='lat' dir='ltr'>adveniente</span> <span class='ocrx_word' id='word_1_74' title='bbox 810 641 946 677; x_wconf 91' lang='lat' dir='ltr'>anima</span> <span class='ocrx_word' id='word_1_75' title='bbox 977 641 1164 677; x_wconf 86' lang='lat' dir='ltr'>rationali</span> <span class='ocrx_word' id='word_1_76' title='bbox 1202 641 1304 686; x_wconf 87' lang='lat' dir='ltr'>perit</span> <span class='ocrx_word' id='word_1_77' title='bbox 1340 641 1471 677; x_wconf 89' lang='lat' dir='ltr'>omnis</span> <span class='ocrx_word' id='word_1_78' title='bbox 1499 640 1629 676; x_wconf 85' lang='lat' dir='ltr'>forma</span> <span class='ocrx_word' id='word_1_79' title='bbox 1655 640 1774 685; x_wconf 87' lang='lat' dir='ltr'>prior.</span> 
     </span>
     <span class='ocr_line' id='line_1_9' title="bbox 99 699 1773 747; baseline -0.002 -8"><span class='ocrx_word' id='word_1_80' title='bbox 99 712 190 739; x_wconf 88' lang='lat' dir='ltr'>cum</span> <span class='ocrx_word' id='word_1_81' title='bbox 209 712 292 738; x_wconf 92' lang='lat' dir='ltr'>non</span> <span class='ocrx_word' id='word_1_82' title='bbox 313 701 568 743; x_wconf 82' lang='lat' dir='ltr'>adnihiletur,</span> <span class='ocrx_word' id='word_1_83' title='bbox 596 711 770 747; x_wconf 84' lang='lat' dir='ltr'>quaero:</span> <span class='ocrx_word' id='word_1_84' title='bbox 792 703 832 738; x_wconf 91' lang='lat' dir='ltr'>in</span> <span class='ocrx_word' id='word_1_85' title='bbox 858 702 951 747; x_wconf 89' lang='lat' dir='ltr'>quid</span> <span class='ocrx_word' id='word_1_86' title='bbox 981 700 1249 745; x_wconf 89' lang='lat' dir='ltr'>corrumpitur</span> <span class='ocrx_word' id='word_1_87' title='bbox 1261 699 1280 736; x_wconf 74' lang='grc' dir='ltr'>ἱ)</span> <span class='ocrx_word' id='word_1_88' title='bbox 1312 700 1359 736; x_wconf 91' lang='lat' dir='ltr'>Et</span> <span class='ocrx_word' id='word_1_89' title='bbox 1385 701 1537 736; x_wconf 87' lang='lat' dir='ltr'>certum</span> <span class='ocrx_word' id='word_1_90' title='bbox 1567 701 1640 740; x_wconf 83' lang='lat' dir='ltr'>est,</span> <span class='ocrx_word' id='word_1_91' title='bbox 1668 700 1773 745; x_wconf 85' lang='lat' dir='ltr'>quod</span> 
     </span>
     <span class='ocr_line' id='line_1_10' title="bbox 99 758 1775 807; baseline -0.002 -9"><span class='ocrx_word' id='word_1_92' title='bbox 99 772 181 799; x_wconf 90' lang='lat' dir='ltr'>non</span> <span class='ocrx_word' id='word_1_93' title='bbox 216 763 353 807; x_wconf 89' lang='lat' dir='ltr'>potest</span> <span class='ocrx_word' id='word_1_94' title='bbox 388 762 592 807; x_wconf 84' lang='lat' dir='ltr'>corrumpi</span> <span class='ocrx_word' id='word_1_95' title='bbox 626 762 704 798; x_wconf 89' lang='lat' dir='ltr'>nisi</span> <span class='ocrx_word' id='word_1_96' title='bbox 742 763 782 798; x_wconf 93' lang='lat' dir='ltr'>in</span> <span class='ocrx_word' id='word_1_97' title='bbox 819 761 1102 798; x_wconf 81' lang='lat' dir='ltr'>contrarium1.</span> <span class='ocrx_word' id='word_1_98' title='bbox 1152 760 1256 806; x_wconf 86' lang='lat' dir='ltr'>Ergo</span> <span class='ocrx_word' id='word_1_99' title='bbox 1297 769 1388 795; x_wconf 86' lang='lat' dir='ltr'>cum</span> <span class='ocrx_word' id='word_1_100' title='bbox 1424 759 1560 795; x_wconf 86' lang='lat' dir='ltr'>anima</span> <span class='ocrx_word' id='word_1_101' title='bbox 1585 758 1775 795; x_wconf 86' lang='lat' dir='ltr'>rationali</span> 
     </span>
    </p>

    <p class='ocr_par' dir='ltr' id='par_1_5' title="bbox 49 818 1777 986">
     <span class='ocr_line' id='line_1_11' title="bbox 49 818 1777 871; baseline -0.003 -13"><span class='ocrx_word' id='word_1_102' title='bbox 49 826 80 851; x_wconf 85' lang='lat'>¹0</span> <span class='ocrx_word' id='word_1_103' title='bbox 100 822 223 859; x_wconf 87' lang='lat' dir='ltr'>stabit</span> <span class='ocrx_word' id='word_1_104' title='bbox 248 821 379 858; x_wconf 81' lang='lat' dir='ltr'>forma</span> <span class='ocrx_word' id='word_1_105' title='bbox 405 822 610 858; x_wconf 87' lang='lat' dir='ltr'>contraria</span> <span class='ocrx_word' id='word_1_106' title='bbox 636 831 737 858; x_wconf 87' lang='lat' dir='ltr'>suae</span> <span class='ocrx_word' id='word_1_107' title='bbox 766 821 1022 871; x_wconf 80' lang='lat' dir='ltr'>disposi‘tioni</span> <span class='ocrx_word' id='word_1_108' title='bbox 1050 830 1156 865; x_wconf 86' lang='lat' dir='ltr'>quae</span> <span class='ocrx_word' id='word_1_109' title='bbox 1193 821 1256 855; x_wconf 87' lang='lat' dir='ltr'>est</span> <span class='ocrx_word' id='word_1_110' title='bbox 1292 819 1341 855; x_wconf 88' lang='lat' dir='ltr'>ad</span> <span class='ocrx_word' id='word_1_111' title='bbox 1382 819 1523 863; x_wconf 84' lang='lat' dir='ltr'>ipsam.</span> <span class='ocrx_word' id='word_1_112' title='bbox 1576 818 1656 855; x_wconf 84' lang='lat' dir='ltr'>Sed</span> <span class='ocrx_word' id='word_1_113' title='bbox 1684 828 1777 854; x_wconf 88' lang='lat' dir='ltr'>con-</span> 
     </span>
     <span class='ocr_line' id='line_1_12' title="bbox 99 878 1777 926; baseline -0.002 -9"><span class='ocrx_word' id='word_1_114' title='bbox 99 881 314 918; x_wconf 86' lang='lat' dir='ltr'>trariorum</span> <span class='ocrx_word' id='word_1_115' title='bbox 340 880 534 917; x_wconf 88' lang='lat' dir='ltr'>contrarii</span> <span class='ocrx_word' id='word_1_116' title='bbox 560 881 653 916; x_wconf 89' lang='lat' dir='ltr'>sunt</span> <span class='ocrx_word' id='word_1_117' title='bbox 673 880 846 917; x_wconf 76' lang='lat' dir='ltr'>effectus</span> <span class='ocrx_word' id='word_1_118' title='bbox 858 882 882 916; x_wconf 83' lang='lat'>2.</span> <span class='ocrx_word' id='word_1_119' title='bbox 920 879 1025 926; x_wconf 87' lang='lat' dir='ltr'>Ergo</span> <span class='ocrx_word' id='word_1_120' title='bbox 1048 879 1152 915; x_wconf 87' lang='lat' dir='ltr'>sicut</span> <span class='ocrx_word' id='word_1_121' title='bbox 1170 878 1338 915; x_wconf 87' lang='lat' dir='ltr'>advenit</span> <span class='ocrx_word' id='word_1_122' title='bbox 1358 887 1432 924; x_wconf 87' lang='lat' dir='ltr'>per</span> <span class='ocrx_word' id='word_1_123' title='bbox 1453 878 1777 923; x_wconf 80' lang='lat' dir='ltr'>dispositionem,</span> 
     </span>
     <span class='ocr_line' id='line_1_13' title="bbox 100 938 1466 986; baseline -0.003 -9"><span class='ocrx_word' id='word_1_124' title='bbox 100 941 160 977; x_wconf 88' lang='lat' dir='ltr'>sic</span> <span class='ocrx_word' id='word_1_125' title='bbox 185 941 279 986; x_wconf 89' lang='lat' dir='ltr'>post</span> <span class='ocrx_word' id='word_1_126' title='bbox 305 940 528 977; x_wconf 87' lang='lat' dir='ltr'>adventum</span> <span class='ocrx_word' id='word_1_127' title='bbox 556 940 691 976; x_wconf 91' lang='lat' dir='ltr'>statim</span> <span class='ocrx_word' id='word_1_128' title='bbox 718 940 886 977; x_wconf 83' lang='lat' dir='ltr'>recedet</span> <span class='ocrx_word' id='word_1_129' title='bbox 912 948 984 985; x_wconf 89' lang='lat' dir='ltr'>per</span> <span class='ocrx_word' id='word_1_130' title='bbox 1011 939 1180 975; x_wconf 73' lang='lat' dir='ltr'>formam</span> <span class='ocrx_word' id='word_1_131' title='bbox 1210 938 1466 974; x_wconf 88' lang='lat' dir='ltr'>contrariam.</span> 
     </span>
    </p>

    <p class='ocr_par' dir='ltr' id='par_1_6' title="bbox 101 997 1778 1105">
     <span class='ocr_line' id='line_1_14' title="bbox 241 997 1777 1046; baseline -0.003 -10"><span class='ocrx_word' id='word_1_132' title='bbox 241 1000 304 1046; x_wconf 89' lang='grc'>(9.)</span> <span class='ocrx_word' id='word_1_133' title='bbox 331 1001 386 1036; x_wconf 83' lang='grc'>25.</span> <span class='ocrx_word' id='word_1_134' title='bbox 412 1000 512 1036; x_wconf 90' lang='lat' dir='ltr'>Item</span> <span class='ocrx_word' id='word_1_135' title='bbox 532 1000 584 1036; x_wconf 89' lang='lat' dir='ltr'>ad</span> <span class='ocrx_word' id='word_1_136' title='bbox 604 1000 828 1045; x_wconf 87' lang='lat' dir='ltr'>principale</span> <span class='ocrx_word' id='word_1_137' title='bbox 857 1000 934 1036; x_wconf 86' lang='lat' dir='ltr'>sic:</span> <span class='ocrx_word' id='word_1_138' title='bbox 963 999 1123 1040; x_wconf 86' lang='lat' dir='ltr'>Quanto</span> <span class='ocrx_word' id='word_1_139' title='bbox 1151 998 1301 1043; x_wconf 91' lang='lat' dir='ltr'>aliquid</span> <span class='ocrx_word' id='word_1_140' title='bbox 1326 1000 1389 1034; x_wconf 89' lang='lat' dir='ltr'>est</span> <span class='ocrx_word' id='word_1_141' title='bbox 1411 997 1643 1042; x_wconf 87' lang='lat' dir='ltr'>simplicius,</span> <span class='ocrx_word' id='word_1_142' title='bbox 1665 998 1777 1033; x_wconf 83' lang='lat' dir='ltr'>tanto</span> 
     </span>
     <span class='ocr_line' id='line_1_15' title="bbox 101 1057 1778 1105; baseline -0.002 -9"><span class='ocrx_word' id='word_1_143' title='bbox 101 1060 251 1105; x_wconf 86' lang='lat' dir='ltr'>aliquid</span> <span class='ocrx_word' id='word_1_144' title='bbox 291 1061 353 1096; x_wconf 86' lang='lat' dir='ltr'>est</span> <span class='ocrx_word' id='word_1_145' title='bbox 389 1059 800 1096; x_wconf 88' lang='lat' dir='ltr'>communicabilioris</span> <span class='ocrx_word' id='word_1_146' title='bbox 840 1059 1122 1096; x_wconf 44' lang='lat' dir='ltr'>existentiae&amp;</span> <span class='ocrx_word' id='word_1_147' title='bbox 1175 1058 1215 1094; x_wconf 88' lang='lat' dir='ltr'>Si</span> <span class='ocrx_word' id='word_1_148' title='bbox 1250 1058 1369 1104; x_wconf 87' lang='lat' dir='ltr'>igitur</span> <span class='ocrx_word' id='word_1_149' title='bbox 1407 1057 1543 1093; x_wconf 88' lang='lat' dir='ltr'>anima</span> <span class='ocrx_word' id='word_1_150' title='bbox 1568 1057 1778 1093; x_wconf 81' lang='lat' dir='ltr'>rationalis</span> 
     </span>
    </p>

    <p class='ocr_par' dir='ltr' id='par_1_7' title="bbox 53 1117 1778 1225">
     <span class='ocr_line' id='line_1_16' title="bbox 53 1117 1778 1165; baseline -0.001 -11"><span class='ocrx_word' id='word_1_151' title='bbox 53 1129 82 1154; x_wconf 80' lang='lat'>15</span> <span class='ocrx_word' id='word_1_152' title='bbox 104 1121 167 1156; x_wconf 89' lang='lat' dir='ltr'>est</span> <span class='ocrx_word' id='word_1_153' title='bbox 193 1119 387 1165; x_wconf 88' lang='lat' dir='ltr'>simplicis</span> <span class='ocrx_word' id='word_1_154' title='bbox 415 1119 625 1156; x_wconf 87' lang='lat' dir='ltr'>essentiae</span> <span class='ocrx_word' id='word_1_155' title='bbox 653 1119 757 1156; x_wconf 88' lang='lat' dir='ltr'>sicut</span> <span class='ocrx_word' id='word_1_156' title='bbox 784 1119 1077 1165; x_wconf 86' lang='lat' dir='ltr'>intelligentiae</span> <span class='ocrx_word' id='word_1_157' title='bbox 1105 1119 1336 1163; x_wconf 84' lang='lat' dir='ltr'>separatae.</span> <span class='ocrx_word' id='word_1_158' title='bbox 1376 1126 1474 1162; x_wconf 78' lang='lat' dir='ltr'>ergo</span> <span class='ocrx_word' id='word_1_159' title='bbox 1508 1117 1644 1161; x_wconf 88' lang='lat' dir='ltr'>potest</span> <span class='ocrx_word' id='word_1_160' title='bbox 1684 1126 1778 1152; x_wconf 87' lang='lat' dir='ltr'>esse</span> 
     </span>
     <span class='ocr_line' id='line_1_17' title="bbox 103 1179 362 1225; baseline -0.004 -9"><span class='ocrx_word' id='word_1_161' title='bbox 103 1181 142 1216; x_wconf 92' lang='lat' dir='ltr'>in</span> <span class='ocrx_word' id='word_1_162' title='bbox 169 1179 362 1225; x_wconf 93' lang='lat' dir='ltr'>pluribus.</span> 
     </span>
    </p>

    <p class='ocr_par' dir='ltr' id='par_1_8' title="bbox 104 1237 1782 1405">
     <span class='ocr_line' id='line_1_18' title="bbox 240 1237 1782 1284; baseline -0.003 -9"><span class='ocrx_word' id='word_1_163' title='bbox 240 1238 548 1284; x_wconf 89' lang='lat' dir='ltr'>Consequentia</span> <span class='ocrx_word' id='word_1_164' title='bbox 586 1240 781 1283; x_wconf 89' lang='lat' dir='ltr'>probatur</span> <span class='ocrx_word' id='word_1_165' title='bbox 819 1238 1051 1284; x_wconf 88' lang='lat' dir='ltr'>dupliciter:</span> <span class='ocrx_word' id='word_1_166' title='bbox 1093 1237 1195 1278; x_wconf 76' lang='lat' dir='ltr'>QuIa</span> <span class='ocrx_word' id='word_1_167' title='bbox 1234 1237 1343 1273; x_wconf 84' lang='lat' dir='ltr'>Deus</span> <span class='ocrx_word' id='word_1_168' title='bbox 1385 1247 1433 1272; x_wconf 88' lang='lat' dir='ltr'>eo</span> <span class='ocrx_word' id='word_1_169' title='bbox 1472 1237 1559 1281; x_wconf 89' lang='lat' dir='ltr'>ipso</span> <span class='ocrx_word' id='word_1_170' title='bbox 1600 1246 1678 1281; x_wconf 86' lang='lat' dir='ltr'>quo</span> <span class='ocrx_word' id='word_1_171' title='bbox 1719 1237 1782 1272; x_wconf 84' lang='lat' dir='ltr'>est</span> 
     </span>
     <span class='ocr_line' id='line_1_19' title="bbox 104 1296 1780 1344; baseline -0.002 -9"><span class='ocrx_word' id='word_1_172' title='bbox 104 1309 261 1336; x_wconf 89' lang='lat' dir='ltr'>summe</span> <span class='ocrx_word' id='word_1_173' title='bbox 301 1298 487 1344; x_wconf 85' lang='lat' dir='ltr'>simplex,</span> <span class='ocrx_word' id='word_1_174' title='bbox 525 1299 663 1343; x_wconf 88' lang='lat' dir='ltr'>potest</span> <span class='ocrx_word' id='word_1_175' title='bbox 702 1308 797 1334; x_wconf 89' lang='lat' dir='ltr'>esse</span> <span class='ocrx_word' id='word_1_176' title='bbox 837 1298 954 1334; x_wconf 91' lang='lat' dir='ltr'>simul</span> <span class='ocrx_word' id='word_1_177' title='bbox 982 1298 1020 1333; x_wconf 92' lang='lat' dir='ltr'>in</span> <span class='ocrx_word' id='word_1_178' title='bbox 1050 1297 1249 1333; x_wconf 90' lang='lat' dir='ltr'>omnibus.</span> <span class='ocrx_word' id='word_1_179' title='bbox 1301 1296 1404 1341; x_wconf 73' lang='lat' dir='ltr'>Ergo</span> <span class='ocrx_word' id='word_1_180' title='bbox 1433 1306 1521 1332; x_wconf 92' lang='lat' dir='ltr'>cum</span> <span class='ocrx_word' id='word_1_181' title='bbox 1550 1296 1780 1332; x_wconf 87' lang='lat' dir='ltr'>intellectus</span> 
     </span>
     <span class='ocr_line' id='line_1_20' title="bbox 105 1355 1781 1405; baseline -0.003 -10"><span class='ocrx_word' id='word_1_182' title='bbox 105 1359 320 1405; x_wconf 92' lang='lat' dir='ltr'>participat</span> <span class='ocrx_word' id='word_1_183' title='bbox 338 1358 519 1394; x_wconf 86' lang='lat' dir='ltr'>divinam</span> <span class='ocrx_word' id='word_1_184' title='bbox 545 1357 856 1403; x_wconf 85' lang='lat' dir='ltr'>simplicitatem.</span> <span class='ocrx_word' id='word_1_185' title='bbox 884 1358 1021 1403; x_wconf 89' lang='lat' dir='ltr'>potest</span> <span class='ocrx_word' id='word_1_186' title='bbox 1048 1357 1168 1392; x_wconf 89' lang='lat' dir='ltr'>etiam</span> <span class='ocrx_word' id='word_1_187' title='bbox 1190 1355 1435 1401; x_wconf 84' lang='lat' dir='ltr'>participare</span> <span class='ocrx_word' id='word_1_188' title='bbox 1463 1355 1653 1392; x_wconf 75' lang='lat' dir='ltr'>effectum</span> <span class='ocrx_word' id='word_1_189' title='bbox 1683 1355 1781 1395; x_wconf 88' lang='lat' dir='ltr'>eius,</span> 
     </span>
    </p>

    <p class='ocr_par' dir='ltr' id='par_1_9' title="bbox 52 1417 914 1463">
     <span class='ocr_line' id='line_1_21' title="bbox 52 1417 914 1463; baseline -0.003 -7"><span class='ocrx_word' id='word_1_190' title='bbox 52 1432 85 1456; x_wconf 63' lang='grc' dir='ltr'>ευ</span> <span class='ocrx_word' id='word_1_191' title='bbox 105 1420 148 1456; x_wconf 93' lang='lat' dir='ltr'>ut</span> <span class='ocrx_word' id='word_1_192' title='bbox 174 1419 225 1455; x_wconf 91' lang='lat' dir='ltr'>sit</span> <span class='ocrx_word' id='word_1_193' title='bbox 251 1418 369 1455; x_wconf 86' lang='lat' dir='ltr'>simul</span> <span class='ocrx_word' id='word_1_194' title='bbox 394 1418 436 1454; x_wconf 92' lang='lat' dir='ltr'>in</span> <span class='ocrx_word' id='word_1_195' title='bbox 461 1418 642 1463; x_wconf 89' lang='lat' dir='ltr'>pluribus</span> <span class='ocrx_word' id='word_1_196' title='bbox 672 1417 914 1453; x_wconf 78' lang='lat' dir='ltr'>homInibus.</span> 
     </span>
    </p>

    <p class='ocr_par' dir='ltr' id='par_1_10' title="bbox 106 1472 1784 1703">
     <span class='ocr_line' id='line_1_22' title="bbox 244 1472 1781 1523; baseline -0.003 -9"><span class='ocrx_word' id='word_1_197' title='bbox 244 1479 299 1514; x_wconf 85' lang='grc'>26.</span> <span class='ocrx_word' id='word_1_198' title='bbox 326 1477 426 1514; x_wconf 87' lang='lat' dir='ltr'>Item</span> <span class='ocrx_word' id='word_1_199' title='bbox 446 1477 526 1514; x_wconf 87' lang='lat' dir='ltr'>alio</span> <span class='ocrx_word' id='word_1_200' title='bbox 547 1478 669 1514; x_wconf 85' lang='lat' dir='ltr'>modo</span> <span class='ocrx_word' id='word_1_201' title='bbox 691 1478 885 1523; x_wconf 88' lang='lat' dir='ltr'>probatur</span> <span class='ocrx_word' id='word_1_202' title='bbox 906 1476 1222 1521; x_wconf 73' lang='lat' dir='ltr'>consequentia:</span> <span class='ocrx_word' id='word_1_203' title='bbox 1246 1475 1349 1516; x_wconf 82' lang='lat' dir='ltr'>Quia</span> <span class='ocrx_word' id='word_1_204' title='bbox 1369 1472 1781 1511; x_wconf 87' lang='lat' dir='ltr'>communicabilioris</span> 
     </span>
     <span class='ocr_line' id='line_1_23' title="bbox 106 1533 1784 1582; baseline -0.003 -8"><span class='ocrx_word' id='word_1_205' title='bbox 106 1538 355 1575; x_wconf 80' lang='lat' dir='ltr'>existentiae</span> <span class='ocrx_word' id='word_1_206' title='bbox 376 1538 439 1573; x_wconf 88' lang='lat' dir='ltr'>est</span> <span class='ocrx_word' id='word_1_207' title='bbox 460 1537 624 1582; x_wconf 88' lang='lat' dir='ltr'>spiritus</span> <span class='ocrx_word' id='word_1_208' title='bbox 653 1546 771 1582; x_wconf 86' lang='lat' dir='ltr'>quam</span> <span class='ocrx_word' id='word_1_209' title='bbox 802 1546 962 1581; x_wconf 88' lang='lat' dir='ltr'>corpus.</span> <span class='ocrx_word' id='word_1_210' title='bbox 1004 1536 1045 1572; x_wconf 90' lang='lat' dir='ltr'>Si</span> <span class='ocrx_word' id='word_1_211' title='bbox 1072 1545 1170 1581; x_wconf 85' lang='lat' dir='ltr'>ergo</span> <span class='ocrx_word' id='word_1_212' title='bbox 1198 1545 1319 1571; x_wconf 90' lang='lat' dir='ltr'>unum</span> <span class='ocrx_word' id='word_1_213' title='bbox 1350 1540 1414 1571; x_wconf 84' lang='lat' dir='ltr'>est</span> <span class='ocrx_word' id='word_1_214' title='bbox 1439 1544 1599 1579; x_wconf 82' lang='lat' dir='ltr'>corpus,</span> <span class='ocrx_word' id='word_1_215' title='bbox 1627 1533 1784 1570; x_wconf 86' lang='lat' dir='ltr'>scilicet</span> 
     </span>
     <span class='ocr_line' id='line_1_24' title="bbox 106 1594 1782 1644; baseline -0.003 -11"><span class='ocrx_word' id='word_1_216' title='bbox 106 1597 288 1644; x_wconf 82' lang='lat' dir='ltr'>primum,</span> <span class='ocrx_word' id='word_1_217' title='bbox 316 1597 424 1642; x_wconf 90' lang='lat' dir='ltr'>quod</span> <span class='ocrx_word' id='word_1_218' title='bbox 462 1595 599 1632; x_wconf 88' lang='lat' dir='ltr'>omnia</span> <span class='ocrx_word' id='word_1_219' title='bbox 633 1596 713 1632; x_wconf 90' lang='lat' dir='ltr'>alia</span> <span class='ocrx_word' id='word_1_220' title='bbox 740 1605 914 1641; x_wconf 91' lang='lat' dir='ltr'>corpora</span> <span class='ocrx_word' id='word_1_221' title='bbox 951 1595 1122 1641; x_wconf 78' lang='lat' dir='ltr'>perficit,</span> <span class='ocrx_word' id='word_1_222' title='bbox 1162 1595 1346 1631; x_wconf 88' lang='lat' dir='ltr'>continet</span> <span class='ocrx_word' id='word_1_223' title='bbox 1384 1595 1424 1630; x_wconf 90' lang='lat' dir='ltr'>et</span> <span class='ocrx_word' id='word_1_224' title='bbox 1461 1594 1643 1634; x_wconf 88' lang='lat' dir='ltr'>illustrat,</span> <span class='ocrx_word' id='word_1_225' title='bbox 1684 1602 1782 1638; x_wconf 85' lang='lat' dir='ltr'>ergo</span> 
     </span>
     <span class='ocr_line' id='line_1_25' title="bbox 107 1651 1784 1703; baseline -0.004 -10"><span class='ocrx_word' id='word_1_226' title='bbox 107 1657 257 1703; x_wconf 86' lang='lat' dir='ltr'>poterit</span> <span class='ocrx_word' id='word_1_227' title='bbox 278 1656 400 1693; x_wconf 90' lang='lat' dir='ltr'>etiam</span> <span class='ocrx_word' id='word_1_228' title='bbox 418 1655 564 1701; x_wconf 86' lang='lat' dir='ltr'>aliquis</span> <span class='ocrx_word' id='word_1_229' title='bbox 592 1655 756 1701; x_wconf 89' lang='lat' dir='ltr'>spiritus</span> <span class='ocrx_word' id='word_1_230' title='bbox 786 1664 881 1691; x_wconf 89' lang='lat' dir='ltr'>esse</span> <span class='ocrx_word' id='word_1_231' title='bbox 909 1655 1084 1695; x_wconf 87' lang='lat' dir='ltr'>creatus,</span> <span class='ocrx_word' id='word_1_232' title='bbox 1112 1653 1179 1698; x_wconf 75' lang='lat' dir='ltr'>qui</span> <span class='ocrx_word' id='word_1_233' title='bbox 1206 1662 1328 1689; x_wconf 88' lang='lat' dir='ltr'>omne</span> <span class='ocrx_word' id='word_1_234' title='bbox 1355 1662 1503 1697; x_wconf 87' lang='lat' dir='ltr'>corpus</span> <span class='ocrx_word' id='word_1_235' title='bbox 1530 1651 1717 1697; x_wconf 76' lang='lat' dir='ltr'>perficiat</span> <span class='ocrx_word' id='word_1_236' title='bbox 1744 1651 1784 1687; x_wconf 90' lang='lat' dir='ltr'>et</span> 
     </span>
    </p>

    <p class='ocr_par' dir='ltr' id='par_1_11' title="bbox 54 1715 579 1753">
     <span class='ocr_line' id='line_1_26' title="bbox 54 1715 579 1753; baseline -0.004 0"><span class='ocrx_word' id='word_1_237' title='bbox 54 1728 88 1753; x_wconf 80' lang='lat'>25</span> <span class='ocrx_word' id='word_1_238' title='bbox 108 1716 317 1753; x_wconf 89' lang='lat' dir='ltr'>contineat</span> <span class='ocrx_word' id='word_1_239' title='bbox 343 1725 417 1752; x_wconf 91' lang='lat' dir='ltr'>suo</span> <span class='ocrx_word' id='word_1_240' title='bbox 444 1715 579 1751; x_wconf 90' lang='lat' dir='ltr'>modo.</span> 
     </span>
    </p>

    <p class='ocr_par' dir='ltr' id='par_1_12' title="bbox 248 1773 1182 1818">
     <span class='ocr_line' id='line_1_27' title="bbox 248 1773 1182 1818; baseline -0.002 -7"><span class='ocrx_word' id='word_1_241' title='bbox 248 1777 303 1811; x_wconf 84' lang='grc'>27.</span> <span class='ocrx_word' id='word_1_242' title='bbox 330 1775 605 1812; x_wconf 71' lang='lat' dir='ltr'>Desideratur</span> <span class='ocrx_word' id='word_1_243' title='bbox 627 1795 674 1798; x_wconf 96' lang='lat'><strong>—</strong></span> <span class='ocrx_word' id='word_1_244' title='bbox 699 1774 845 1818; x_wconf 74' lang='lat' dir='ltr'>(etiam</span> <span class='ocrx_word' id='word_1_245' title='bbox 872 1774 918 1810; x_wconf 77' lang='lat' dir='ltr'>in</span> <span class='ocrx_word' id='word_1_246' title='bbox 944 1773 1182 1817; x_wconf 72' lang='lat' dir='ltr'>solutione).</span> 
     </span>
    </p>

    <p class='ocr_par' dir='ltr' id='par_1_13' title="bbox 110 1832 1786 2001">
     <span class='ocr_line' id='line_1_28' title="bbox 247 1832 1781 1880; baseline -0.003 -9"><span class='ocrx_word' id='word_1_247' title='bbox 247 1836 302 1871; x_wconf 83' lang='lat'>28.</span> <span class='ocrx_word' id='word_1_248' title='bbox 329 1835 429 1871; x_wconf 90' lang='lat' dir='ltr'>Item</span> <span class='ocrx_word' id='word_1_249' title='bbox 455 1844 529 1880; x_wconf 89' lang='lat' dir='ltr'>per</span> <span class='ocrx_word' id='word_1_250' title='bbox 556 1834 788 1880; x_wconf 90' lang='lat' dir='ltr'>exemplum</span> <span class='ocrx_word' id='word_1_251' title='bbox 816 1833 934 1870; x_wconf 90' lang='lat' dir='ltr'>aliud.</span> <span class='ocrx_word' id='word_1_252' title='bbox 987 1832 1090 1873; x_wconf 87' lang='lat' dir='ltr'>Quia</span> <span class='ocrx_word' id='word_1_253' title='bbox 1117 1833 1151 1868; x_wconf 88' lang='lat' dir='ltr'>si</span> <span class='ocrx_word' id='word_1_254' title='bbox 1171 1832 1365 1869; x_wconf 85' lang='lat' dir='ltr'>accidens</span> <span class='ocrx_word' id='word_1_255' title='bbox 1386 1832 1524 1877; x_wconf 89' lang='lat' dir='ltr'>potest</span> <span class='ocrx_word' id='word_1_256' title='bbox 1545 1841 1640 1867; x_wconf 86' lang='lat' dir='ltr'>esse</span> <span class='ocrx_word' id='word_1_257' title='bbox 1663 1840 1781 1866; x_wconf 87' lang='lat' dir='ltr'>unum</span> 
     </span>
     <span class='ocr_line' id='line_1_29' title="bbox 110 1891 1786 1939; baseline -0.004 -7"><span class='ocrx_word' id='word_1_258' title='bbox 110 1905 280 1933; x_wconf 90' lang='lat' dir='ltr'>numero</span> <span class='ocrx_word' id='word_1_259' title='bbox 307 1895 348 1931; x_wconf 92' lang='lat' dir='ltr'>in</span> <span class='ocrx_word' id='word_1_260' title='bbox 374 1894 519 1936; x_wconf 89' lang='lat' dir='ltr'>multis,</span> <span class='ocrx_word' id='word_1_261' title='bbox 545 1894 670 1930; x_wconf 94' lang='lat' dir='ltr'>multo</span> <span class='ocrx_word' id='word_1_262' title='bbox 697 1893 827 1939; x_wconf 89' lang='lat' dir='ltr'>magis</span> <span class='ocrx_word' id='word_1_263' title='bbox 854 1892 1084 1929; x_wconf 89' lang='lat' dir='ltr'>substantia</span> <span class='ocrx_word' id='word_1_264' title='bbox 1110 1902 1201 1928; x_wconf 89' lang='lat' dir='ltr'>una.</span> <span class='ocrx_word' id='word_1_265' title='bbox 1253 1891 1333 1928; x_wconf 86' lang='lat' dir='ltr'>Sed</span> <span class='ocrx_word' id='word_1_266' title='bbox 1361 1891 1554 1927; x_wconf 87' lang='lat' dir='ltr'>accidens</span> <span class='ocrx_word' id='word_1_267' title='bbox 1582 1900 1716 1929; x_wconf 81' lang='lat' dir='ltr'>unum.</span> <span class='ocrx_word' id='word_1_268' title='bbox 1745 1891 1786 1925; x_wconf 92' lang='lat' dir='ltr'>ut</span> 
     </span>
     <span class='ocr_line' id='line_1_30' title="bbox 110 1951 1785 2001; baseline -0.004 -9"><span class='ocrx_word' id='word_1_269' title='bbox 110 1957 284 2001; x_wconf 88' lang='lat' dir='ltr'>tempus,</span> <span class='ocrx_word' id='word_1_270' title='bbox 312 1956 375 1991; x_wconf 88' lang='lat' dir='ltr'>est</span> <span class='ocrx_word' id='word_1_271' title='bbox 400 1963 526 1990; x_wconf 91' lang='lat' dir='ltr'>unum</span> <span class='ocrx_word' id='word_1_272' title='bbox 551 1953 593 1989; x_wconf 88' lang='lat' dir='ltr'>in</span> <span class='ocrx_word' id='word_1_273' title='bbox 620 1953 809 1989; x_wconf 89' lang='lat' dir='ltr'>omnibus</span> <span class='ocrx_word' id='word_1_274' title='bbox 836 1953 1013 1989; x_wconf 89' lang='lat' dir='ltr'>motibus</span> <span class='ocrx_word' id='word_1_275' title='bbox 1025 1954 1048 1987; x_wconf 83' lang='lat'>⁴.</span> <span class='ocrx_word' id='word_1_276' title='bbox 1099 1951 1203 1998; x_wconf 88' lang='lat' dir='ltr'>Ergo</span> <span class='ocrx_word' id='word_1_277' title='bbox 1231 1951 1361 1996; x_wconf 87' lang='lat' dir='ltr'>magis</span> <span class='ocrx_word' id='word_1_278' title='bbox 1388 1952 1525 1996; x_wconf 87' lang='lat' dir='ltr'>potest</span> <span class='ocrx_word' id='word_1_279' title='bbox 1557 1959 1648 1986; x_wconf 88' lang='lat' dir='ltr'>esse</span> <span class='ocrx_word' id='word_1_280' title='bbox 1683 1958 1785 1985; x_wconf 90' lang='lat' dir='ltr'>unus</span> 
     </span>
    </p>

    <p class='ocr_par' dir='ltr' id='par_1_14' title="bbox 57 2013 835 2061">
     <span class='ocr_line' id='line_1_31' title="bbox 57 2013 835 2061; baseline -0.004 -10"><span class='ocrx_word' id='word_1_281' title='bbox 57 2026 92 2051; x_wconf 78' lang='lat'>30</span> <span class='ocrx_word' id='word_1_282' title='bbox 112 2013 276 2061; x_wconf 83' lang='lat' dir='ltr'>spiritus</span> <span class='ocrx_word' id='word_1_283' title='bbox 302 2014 344 2050; x_wconf 95' lang='lat' dir='ltr'>in</span> <span class='ocrx_word' id='word_1_284' title='bbox 368 2013 556 2050; x_wconf 89' lang='lat' dir='ltr'>omnibus</span> <span class='ocrx_word' id='word_1_285' title='bbox 583 2013 835 2058; x_wconf 89' lang='lat' dir='ltr'>corporibus.</span> 
     </span>
    </p>

    <p class='ocr_par' dir='ltr' id='par_1_15' title="bbox 114 2060 1786 2236">
     <span class='ocr_line' id='line_1_32' title="bbox 251 2060 1785 2118; baseline -0.003 -9"><span class='ocrx_word' id='word_1_286' title='bbox 251 2073 472 2110; x_wconf 89' lang='lat' dir='ltr'>Dicebatur</span> <span class='ocrx_word' id='word_1_287' title='bbox 499 2072 593 2118; x_wconf 89' lang='lat' dir='ltr'>quia</span> <span class='ocrx_word' id='word_1_288' title='bbox 618 2073 780 2117; x_wconf 88' lang='lat' dir='ltr'>tempus</span> <span class='ocrx_word' id='word_1_289' title='bbox 808 2073 871 2108; x_wconf 88' lang='lat' dir='ltr'>est</span> <span class='ocrx_word' id='word_1_290' title='bbox 896 2072 937 2107; x_wconf 94' lang='lat' dir='ltr'>in</span> <span class='ocrx_word' id='word_1_291' title='bbox 964 2072 1075 2107; x_wconf 89' lang='lat' dir='ltr'>motu</span> <span class='ocrx_word' id='word_1_292' title='bbox 1102 2060 1405 2116; x_wconf 39' lang='lat' dir='ltr'>primi‘mobilis</span> <span class='ocrx_word' id='word_1_293' title='bbox 1432 2070 1589 2105; x_wconf 91' lang='lat' dir='ltr'>tantum</span> <span class='ocrx_word' id='word_1_294' title='bbox 1616 2068 1719 2105; x_wconf 90' lang='lat' dir='ltr'>sicut</span> <span class='ocrx_word' id='word_1_295' title='bbox 1746 2068 1785 2104; x_wconf 92' lang='lat' dir='ltr'>in</span> 
     </span>
     <span class='ocr_line' id='line_1_33' title="bbox 114 2127 1786 2176; baseline -0.004 -6"><span class='ocrx_word' id='word_1_296' title='bbox 114 2133 310 2174; x_wconf 87' lang='lat' dir='ltr'>subiecto,</span> <span class='ocrx_word' id='word_1_297' title='bbox 339 2134 379 2170; x_wconf 90' lang='lat' dir='ltr'>et</span> <span class='ocrx_word' id='word_1_298' title='bbox 405 2132 549 2169; x_wconf 87' lang='lat' dir='ltr'>dicitur</span> <span class='ocrx_word' id='word_1_299' title='bbox 575 2141 669 2168; x_wconf 86' lang='lat' dir='ltr'>esse</span> <span class='ocrx_word' id='word_1_300' title='bbox 695 2131 736 2167; x_wconf 90' lang='lat' dir='ltr'>in</span> <span class='ocrx_word' id='word_1_301' title='bbox 762 2131 851 2168; x_wconf 88' lang='lat' dir='ltr'>aliis</span> <span class='ocrx_word' id='word_1_302' title='bbox 879 2131 973 2176; x_wconf 91' lang='lat' dir='ltr'>quia</span> <span class='ocrx_word' id='word_1_303' title='bbox 998 2140 1072 2176; x_wconf 88' lang='lat' dir='ltr'>per</span> <span class='ocrx_word' id='word_1_304' title='bbox 1092 2130 1225 2175; x_wconf 84' lang='lat' dir='ltr'>ipsum</span> <span class='ocrx_word' id='word_1_305' title='bbox 1250 2130 1573 2166; x_wconf 67' lang='lat' dir='ltr'>mensurantur-3.</span> <span class='ocrx_word' id='word_1_306' title='bbox 1619 2127 1786 2164; x_wconf 87' lang='lat' dir='ltr'>Contra:</span> 
     </span>
     <span class='ocr_line' id='line_1_34' title="bbox 114 2187 1786 2236; baseline -0.005 -6"><span class='ocrx_word' id='word_1_307' title='bbox 114 2193 150 2230; x_wconf 89' lang='lat' dir='ltr'>si</span> <span class='ocrx_word' id='word_1_308' title='bbox 175 2193 333 2230; x_wconf 87' lang='lat' dir='ltr'>caelum</span> <span class='ocrx_word' id='word_1_309' title='bbox 360 2192 488 2229; x_wconf 89' lang='lat' dir='ltr'>staret</span> <span class='ocrx_word' id='word_1_310' title='bbox 515 2192 556 2228; x_wconf 88' lang='lat' dir='ltr'>et</span> <span class='ocrx_word' id='word_1_311' title='bbox 580 2192 816 2228; x_wconf 87' lang='lat' dir='ltr'>moveretur</span> <span class='ocrx_word' id='word_1_312' title='bbox 841 2191 931 2227; x_wconf 89' lang='lat' dir='ltr'>rota</span> <span class='ocrx_word' id='word_1_313' title='bbox 955 2190 1080 2236; x_wconf 77' lang='lat' dir='ltr'>figuli,</span> <span class='ocrx_word' id='word_1_314' title='bbox 1120 2190 1234 2226; x_wconf 86' lang='lat' dir='ltr'>esset</span> <span class='ocrx_word' id='word_1_315' title='bbox 1268 2190 1430 2234; x_wconf 89' lang='lat' dir='ltr'>tempus</span> <span class='ocrx_word' id='word_1_316' title='bbox 1466 2188 1507 2224; x_wconf 92' lang='lat' dir='ltr'>in</span> <span class='ocrx_word' id='word_1_317' title='bbox 1532 2188 1645 2224; x_wconf 91' lang='lat' dir='ltr'>motu</span> <span class='ocrx_word' id='word_1_318' title='bbox 1670 2187 1786 2223; x_wconf 89' lang='lat' dir='ltr'>rotae</span> 
     </span>
    </p>
   </div>
   <div class='ocr_carea' id='block_1_3' title="bbox 116 2310 1815 2679">
    <p class='ocr_par' dir='ltr' id='par_1_16' title="bbox 116 2310 1815 2679">
     <span class='ocr_line' id='line_1_35' title="bbox 256 2310 1789 2354; baseline -0.005 -6"><span class='ocrx_word' id='word_1_319' title='bbox 256 2317 273 2349; x_wconf 97' lang='grc'>1</span> <span class='ocrx_word' id='word_1_320' title='bbox 301 2316 356 2349; x_wconf 91' lang='lat' dir='ltr'>Ad</span> <span class='ocrx_word' id='word_1_321' title='bbox 376 2315 570 2348; x_wconf 83' lang='lat' dir='ltr'>secundum</span> <span class='ocrx_word' id='word_1_322' title='bbox 593 2314 788 2353; x_wconf 87' lang='lat' dir='ltr'>dicebatur,</span> <span class='ocrx_word' id='word_1_323' title='bbox 810 2314 905 2354; x_wconf 91' lang='lat' dir='ltr'>quod</span> <span class='ocrx_word' id='word_1_324' title='bbox 926 2313 998 2346; x_wconf 89' lang='lat' dir='ltr'>alia</span> <span class='ocrx_word' id='word_1_325' title='bbox 1018 2313 1134 2345; x_wconf 75' lang='lat' dir='ltr'>forma</span> <span class='ocrx_word' id='word_1_326' title='bbox 1152 2321 1219 2353; x_wconf 86' lang='lat' dir='ltr'>per</span> <span class='ocrx_word' id='word_1_327' title='bbox 1238 2311 1574 2344; x_wconf 85' lang='lat' dir='ltr'>transmutationem</span> <span class='ocrx_word' id='word_1_328' title='bbox 1594 2310 1789 2351; x_wconf 86' lang='lat' dir='ltr'>generatur</span> 
     </span>
     <span class='ocr_line' id='line_1_36' title="bbox 116 2362 1787 2408; baseline -0.004 -6"><span class='ocrx_word' id='word_1_329' title='bbox 116 2371 152 2402; x_wconf 93' lang='lat' dir='ltr'>in</span> <span class='ocrx_word' id='word_1_330' title='bbox 177 2369 304 2408; x_wconf 72' lang='lat' dir='ltr'>morte]</span> <span class='ocrx_word' id='word_1_331' title='bbox 330 2369 359 2402; x_wconf 92' lang='lat' dir='ltr'><strong><em>A</em></strong></span> <span class='ocrx_word' id='word_1_332' title='bbox 388 2378 457 2401; x_wconf 84' lang='lat' dir='ltr'>om.</span> <span class='ocrx_word' id='word_1_333' title='bbox 556 2369 575 2401; x_wconf 87' lang='grc'><strong>3</strong></span> <span class='ocrx_word' id='word_1_334' title='bbox 602 2367 654 2407; x_wconf 77' lang='lat' dir='ltr'>fit]</span> <span class='ocrx_word' id='word_1_335' title='bbox 682 2368 712 2399; x_wconf 78' lang='lat' dir='ltr'><strong><em>A</em></strong></span> <span class='ocrx_word' id='word_1_336' title='bbox 735 2368 764 2400; x_wconf 69' lang='grc' dir='ltr'>ὥ</span> <span class='ocrx_word' id='word_1_337' title='bbox 783 2366 815 2398; x_wconf 86' lang='grc' dir='ltr'><em>Β</em></span> <span class='ocrx_word' id='word_1_338' title='bbox 840 2367 956 2399; x_wconf 76' lang='lat' dir='ltr'>forma</span> <span class='ocrx_word' id='word_1_339' title='bbox 982 2366 1061 2399; x_wconf 89' lang='lat' dir='ltr'>sola</span> <span class='ocrx_word' id='word_1_340' title='bbox 1157 2366 1176 2397; x_wconf 90' lang='grc'>4</span> <span class='ocrx_word' id='word_1_341' title='bbox 1203 2363 1337 2405; x_wconf 91' lang='lat' dir='ltr'>aliquo]</span> <span class='ocrx_word' id='word_1_342' title='bbox 1364 2365 1395 2397; x_wconf 97' lang='grc' dir='ltr'><em>Β</em></span> <span class='ocrx_word' id='word_1_343' title='bbox 1421 2365 1489 2397; x_wconf 90' lang='lat' dir='ltr'>alio</span> <span class='ocrx_word' id='word_1_344' title='bbox 1567 2365 1585 2396; x_wconf 84' lang='lat'>5</span> <span class='ocrx_word' id='word_1_345' title='bbox 1612 2362 1787 2404; x_wconf 76' lang='lat' dir='ltr'>potentia!</span> 
     </span>
     <span class='ocr_line' id='line_1_37' title="bbox 117 2415 1788 2465; baseline -0.005 -9"><span class='ocrx_word' id='word_1_346' title='bbox 117 2424 147 2456; x_wconf 95' lang='grc' dir='ltr'><em>Β</em></span> <span class='ocrx_word' id='word_1_347' title='bbox 171 2419 217 2465; x_wconf 74' lang='grc' dir='ltr'>-Ι-</span> <span class='ocrx_word' id='word_1_348' title='bbox 243 2423 406 2464; x_wconf 90' lang='lat' dir='ltr'>potentia</span> <span class='ocrx_word' id='word_1_349' title='bbox 530 2422 549 2454; x_wconf 88' lang='lat'>9</span> <span class='ocrx_word' id='word_1_350' title='bbox 576 2419 710 2462; x_wconf 73' lang='lat' dir='ltr'>potest]</span> <span class='ocrx_word' id='word_1_351' title='bbox 738 2420 767 2453; x_wconf 92' lang='grc' dir='ltr'><em>Β</em></span> <span class='ocrx_word' id='word_1_352' title='bbox 793 2429 864 2452; x_wconf 86' lang='lat' dir='ltr'>om.</span> <span class='ocrx_word' id='word_1_353' title='bbox 974 2419 1015 2451; x_wconf 85' lang='grc'>14</span> <span class='ocrx_word' id='word_1_354' title='bbox 1044 2418 1191 2459; x_wconf 84' lang='lat' dir='ltr'>aliquid]</span> <span class='ocrx_word' id='word_1_355' title='bbox 1217 2419 1248 2451; x_wconf 93' lang='grc' dir='ltr'><em>Β</em></span> <span class='ocrx_word' id='word_1_356' title='bbox 1275 2427 1344 2451; x_wconf 82' lang='lat' dir='ltr'>om.</span> <span class='ocrx_word' id='word_1_357' title='bbox 1419 2415 1649 2455; x_wconf 83' lang='lat' dir='ltr'>existentiae]</span> <span class='ocrx_word' id='word_1_358' title='bbox 1675 2417 1707 2448; x_wconf 90' lang='lat' dir='ltr'><em>B</em></span> <span class='ocrx_word' id='word_1_359' title='bbox 1732 2425 1788 2448; x_wconf 87' lang='lat' dir='ltr'>es-</span> 
     </span>
     <span class='ocr_line' id='line_1_38' title="bbox 118 2469 1786 2515; baseline -0.005 -5"><span class='ocrx_word' id='word_1_360' title='bbox 118 2477 257 2510; x_wconf 87' lang='lat' dir='ltr'>sentiae</span> <span class='ocrx_word' id='word_1_361' title='bbox 355 2476 395 2508; x_wconf 88' lang='lat'>17</span> <span class='ocrx_word' id='word_1_362' title='bbox 424 2474 507 2515; x_wconf 69' lang='lat' dir='ltr'>quo‘l</span> <span class='ocrx_word' id='word_1_363' title='bbox 539 2475 570 2507; x_wconf 91' lang='lat' dir='ltr'><strong><em>B</em></strong></span> <span class='ocrx_word' id='word_1_364' title='bbox 596 2475 691 2515; x_wconf 88' lang='lat' dir='ltr'>quod</span> <span class='ocrx_word' id='word_1_365' title='bbox 818 2474 858 2506; x_wconf 91' lang='lat'>18</span> <span class='ocrx_word' id='word_1_366' title='bbox 886 2472 1035 2512; x_wconf 72' lang='lat' dir='ltr'>summe]</span> <span class='ocrx_word' id='word_1_367' title='bbox 1070 2471 1100 2505; x_wconf 87' lang='lat' dir='ltr'><strong><em>A</em></strong></span> <span class='ocrx_word' id='word_1_368' title='bbox 1128 2481 1199 2504; x_wconf 85' lang='lat' dir='ltr'>om.</span> <span class='ocrx_word' id='word_1_369' title='bbox 1321 2471 1362 2503; x_wconf 88' lang='grc'>19</span> <span class='ocrx_word' id='word_1_370' title='bbox 1389 2469 1621 2511; x_wconf 73' lang='lat' dir='ltr'>participare]</span> <span class='ocrx_word' id='word_1_371' title='bbox 1648 2470 1690 2506; x_wconf 49' lang='grc' dir='ltr'>,Β</span> <span class='ocrx_word' id='word_1_372' title='bbox 1716 2478 1786 2501; x_wconf 84' lang='lat' dir='ltr'>om.</span> 
     </span>
     <span class='ocr_line' id='line_1_39' title="bbox 119 2523 1788 2568; baseline -0.005 -5"><span class='ocrx_word' id='word_1_373' title='bbox 119 2531 162 2564; x_wconf 80' lang='lat'>20</span> <span class='ocrx_word' id='word_1_374' title='bbox 189 2529 305 2568; x_wconf 79' lang='lat' dir='ltr'>simul!</span> <span class='ocrx_word' id='word_1_375' title='bbox 331 2530 362 2562; x_wconf 90' lang='grc' dir='ltr'><em>Β</em></span> <span class='ocrx_word' id='word_1_376' title='bbox 382 2529 548 2562; x_wconf 86' lang='lat' dir='ltr'>similiter</span> <span class='ocrx_word' id='word_1_377' title='bbox 626 2528 668 2560; x_wconf 83' lang='lat'>22</span> <span class='ocrx_word' id='word_1_378' title='bbox 690 2526 758 2566; x_wconf 86' lang='lat' dir='ltr'>est]</span> <span class='ocrx_word' id='word_1_379' title='bbox 778 2527 809 2559; x_wconf 90' lang='grc' dir='ltr'><em>Β</em></span> <span class='ocrx_word' id='word_1_380' title='bbox 829 2527 906 2559; x_wconf 87' lang='lat' dir='ltr'>eius</span> <span class='ocrx_word' id='word_1_381' title='bbox 980 2527 1023 2559; x_wconf 81' lang='lat'>25</span> <span class='ocrx_word' id='word_1_382' title='bbox 1044 2524 1237 2564; x_wconf 80' lang='lat' dir='ltr'>contineat}</span> <span class='ocrx_word' id='word_1_383' title='bbox 1257 2524 1287 2557; x_wconf 87' lang='lat' dir='ltr'><strong><em>A</em></strong></span> <span class='ocrx_word' id='word_1_384' title='bbox 1303 2526 1332 2557; x_wconf 59' lang='lat' dir='ltr'>&lt;e</span> <span class='ocrx_word' id='word_1_385' title='bbox 1346 2525 1377 2556; x_wconf 90' lang='grc' dir='ltr'><em>Β</em></span> <span class='ocrx_word' id='word_1_386' title='bbox 1396 2525 1555 2556; x_wconf 88' lang='lat' dir='ltr'>continet</span> <span class='ocrx_word' id='word_1_387' title='bbox 1627 2523 1669 2555; x_wconf 81' lang='lat'>32</span> <span class='ocrx_word' id='word_1_388' title='bbox 1690 2531 1788 2555; x_wconf 89' lang='lat' dir='ltr'>men-</span> 
     </span>
     <span class='ocr_line' id='line_1_40' title="bbox 119 2576 1815 2622; baseline -0.005 -6"><span class='ocrx_word' id='word_1_389' title='bbox 119 2582 299 2622; x_wconf 85' lang='lat' dir='ltr'>surantur]</span> <span class='ocrx_word' id='word_1_390' title='bbox 327 2582 357 2614; x_wconf 87' lang='lat' dir='ltr'><strong><em>A</em></strong></span> <span class='ocrx_word' id='word_1_391' title='bbox 382 2582 602 2620; x_wconf 85' lang='lat' dir='ltr'>mensurant,</span> <span class='ocrx_word' id='word_1_392' title='bbox 637 2581 668 2613; x_wconf 95' lang='grc' dir='ltr'><em>Β</em></span> <span class='ocrx_word' id='word_1_393' title='bbox 692 2581 921 2613; x_wconf 83' lang='lat' dir='ltr'>mensuratur</span> <span class='ocrx_word' id='word_1_394' title='bbox 1016 2579 1058 2612; x_wconf 90' lang='lat'>33</span> <span class='ocrx_word' id='word_1_395' title='bbox 1086 2580 1122 2611; x_wconf 88' lang='lat' dir='ltr'>et</span> <span class='ocrx_word' id='word_1_396' title='bbox 1146 2576 1364 2616; x_wconf 57' lang='lat' dir='ltr'>moveretur]</span> <span class='ocrx_word' id='word_1_397' title='bbox 1396 2577 1426 2610; x_wconf 85' lang='lat' dir='ltr'><strong><em>A</em></strong></span> <span class='ocrx_word' id='word_1_398' title='bbox 1456 2577 1492 2615; x_wconf 50' lang='grc'>4-</span> <span class='ocrx_word' id='word_1_399' title='bbox 1522 2578 1558 2610; x_wconf 86' lang='lat' dir='ltr'>et</span> <span class='ocrx_word' id='word_1_400' title='bbox 1583 2577 1790 2609; x_wconf 77' lang='lat' dir='ltr'>moveretur</span> <span class='ocrx_word' id='word_1_401' title='bbox 1812 2587 1815 2588; x_wconf 46' lang='lat'><em>⁷</em></span> 
     </span>
     <span class='ocr_line' id='line_1_41' title="bbox 120 2635 448 2679; baseline -0.006 -10"><span class='ocrx_word' id='word_1_402' title='bbox 120 2636 233 2679; x_wconf 79' lang='lat' dir='ltr'>figuli]</span> <span class='ocrx_word' id='word_1_403' title='bbox 259 2635 291 2668; x_wconf 94' lang='lat' dir='ltr'><em>B</em></span> <span class='ocrx_word' id='word_1_404' title='bbox 316 2636 448 2677; x_wconf 89' lang='lat' dir='ltr'>singuli</span> 
     </span>
    </p>
   </div>
   <div class='ocr_carea' id='block_1_4' title="bbox 122 2743 1792 3109">
    <p class='ocr_par' dir='ltr' id='par_1_17' title="bbox 122 2743 1789 2896">
     <span class='ocr_line' id='line_1_42' title="bbox 261 2743 1789 2786; baseline -0.006 -4"><span class='ocrx_word' id='word_1_405' title='bbox 261 2749 274 2771; x_wconf 85' lang='lat'>1</span> <span class='ocrx_word' id='word_1_406' title='bbox 300 2749 371 2782; x_wconf 69' lang='lat' dir='ltr'>Cir.</span> <span class='ocrx_word' id='word_1_407' title='bbox 397 2748 688 2786; x_wconf 87' lang='lat' dir='ltr'>Aristoteles,</span> <span class='ocrx_word' id='word_1_408' title='bbox 714 2747 766 2779; x_wconf 81' lang='lat' dir='ltr'>De</span> <span class='ocrx_word' id='word_1_409' title='bbox 793 2746 880 2779; x_wconf 83' lang='lat' dir='ltr'>Gen.</span> <span class='ocrx_word' id='word_1_410' title='bbox 907 2747 940 2778; x_wconf 77' lang='lat' dir='ltr'>et</span> <span class='ocrx_word' id='word_1_411' title='bbox 965 2746 1067 2778; x_wconf 84' lang='lat' dir='ltr'>Corr.</span> <span class='ocrx_word' id='word_1_412' title='bbox 1095 2745 1118 2784; x_wconf 85' lang='lat' dir='ltr'>I,</span> <span class='ocrx_word' id='word_1_413' title='bbox 1146 2746 1164 2776; x_wconf 80' lang='lat'><strong>3</strong></span> <span class='ocrx_word' id='word_1_414' title='bbox 1199 2745 1302 2782; x_wconf 86' lang='lat' dir='ltr'>(text.</span> <span class='ocrx_word' id='word_1_415' title='bbox 1332 2744 1399 2783; x_wconf 86' lang='grc'>17).</span> <span class='ocrx_word' id='word_1_416' title='bbox 1448 2743 1580 2782; x_wconf 84' lang='lat' dir='ltr'>„Huius</span> <span class='ocrx_word' id='word_1_417' title='bbox 1607 2743 1789 2782; x_wconf 86' lang='lat' dir='ltr'>corruptio</span> 
     </span>
     <span class='ocr_line' id='line_1_43' title="bbox 123 2795 1789 2843; baseline -0.005 -7"><span class='ocrx_word' id='word_1_418' title='bbox 123 2803 271 2836; x_wconf 88' lang='lat' dir='ltr'>alterius</span> <span class='ocrx_word' id='word_1_419' title='bbox 304 2804 360 2835; x_wconf 88' lang='lat' dir='ltr'>est</span> <span class='ocrx_word' id='word_1_420' title='bbox 385 2802 583 2843; x_wconf 85' lang='lat' dir='ltr'>generatio,</span> <span class='ocrx_word' id='word_1_421' title='bbox 622 2802 658 2833; x_wconf 90' lang='lat' dir='ltr'>et</span> <span class='ocrx_word' id='word_1_422' title='bbox 694 2800 798 2832; x_wconf 89' lang='lat' dir='ltr'>huius</span> <span class='ocrx_word' id='word_1_423' title='bbox 837 2799 1024 2841; x_wconf 87' lang='lat' dir='ltr'>generatio</span> <span class='ocrx_word' id='word_1_424' title='bbox 1063 2798 1211 2831; x_wconf 87' lang='lat' dir='ltr'>alterius</span> <span class='ocrx_word' id='word_1_425' title='bbox 1238 2798 1293 2830; x_wconf 84' lang='lat' dir='ltr'>est</span> <span class='ocrx_word' id='word_1_426' title='bbox 1318 2795 1533 2837; x_wconf 85' lang='lat' dir='ltr'>corruptio.“</span> <span class='ocrx_word' id='word_1_427' title='bbox 1585 2796 1693 2835; x_wconf 82' lang='lat' dir='ltr'>Phys.</span> <span class='ocrx_word' id='word_1_428' title='bbox 1720 2796 1743 2834; x_wconf 96' lang='lat' dir='ltr'>I,</span> <span class='ocrx_word' id='word_1_429' title='bbox 1771 2796 1789 2827; x_wconf 81' lang='lat'><strong>9</strong></span> 
     </span>
     <span class='ocr_line' id='line_1_44' title="bbox 122 2848 1314 2896; baseline -0.006 -7"><span class='ocrx_word' id='word_1_430' title='bbox 122 2856 226 2896; x_wconf 90' lang='lat' dir='ltr'>(text.</span> <span class='ocrx_word' id='word_1_431' title='bbox 253 2855 322 2895; x_wconf 83' lang='lat'>81).</span> <span class='ocrx_word' id='word_1_432' title='bbox 351 2855 589 2895; x_wconf 90' lang='lat' dir='ltr'>„Corruptiva</span> <span class='ocrx_word' id='word_1_433' title='bbox 613 2854 707 2887; x_wconf 89' lang='lat' dir='ltr'>enim</span> <span class='ocrx_word' id='word_1_434' title='bbox 733 2853 816 2886; x_wconf 86' lang='lat' dir='ltr'>sunt</span> <span class='ocrx_word' id='word_1_435' title='bbox 841 2852 896 2885; x_wconf 91' lang='lat' dir='ltr'>sui</span> <span class='ocrx_word' id='word_1_436' title='bbox 921 2852 1076 2884; x_wconf 82' lang='lat' dir='ltr'>invicem</span> <span class='ocrx_word' id='word_1_437' title='bbox 1102 2848 1314 2884; x_wconf 81' lang='lat' dir='ltr'>contraria.“</span> 
     </span>
    </p>

    <p class='ocr_par' dir='ltr' id='par_1_18' title="bbox 126 2901 1789 3004">
     <span class='ocr_line' id='line_1_45' title="bbox 262 2901 1789 2945; baseline -0.006 -3"><span class='ocrx_word' id='word_1_438' title='bbox 262 2908 277 2931; x_wconf 83' lang='lat'><strong>2</strong></span> <span class='ocrx_word' id='word_1_439' title='bbox 302 2909 372 2941; x_wconf 76' lang='lat' dir='ltr'>Cfr.</span> <span class='ocrx_word' id='word_1_440' title='bbox 388 2909 500 2941; x_wconf 90' lang='lat' dir='ltr'>Dom.</span> <span class='ocrx_word' id='word_1_441' title='bbox 515 2906 796 2945; x_wconf 88' lang='lat' dir='ltr'>Gundisalvi,</span> <span class='ocrx_word' id='word_1_442' title='bbox 816 2906 869 2938; x_wconf 80' lang='lat' dir='ltr'>De</span> <span class='ocrx_word' id='word_1_443' title='bbox 885 2905 1029 2938; x_wconf 74' lang='lat' dir='ltr'>Unitate</span> <span class='ocrx_word' id='word_1_444' title='bbox 1048 2903 1118 2944; x_wconf 85' lang='lat' dir='ltr'>(ed.</span> <span class='ocrx_word' id='word_1_445' title='bbox 1134 2905 1342 2942; x_wconf 85' lang='lat' dir='ltr'>Correus,</span> <span class='ocrx_word' id='word_1_446' title='bbox 1362 2903 1516 2935; x_wconf 85' lang='lat' dir='ltr'>Monast.</span> <span class='ocrx_word' id='word_1_447' title='bbox 1532 2901 1670 2934; x_wconf 81' lang='lat' dir='ltr'>Guestf.</span> <span class='ocrx_word' id='word_1_448' title='bbox 1687 2901 1789 2940; x_wconf 84' lang='lat'>1891)</span> 
     </span>
     <span class='ocr_line' id='line_1_46' title="bbox 126 2953 1789 3004; baseline -0.007 -8"><span class='ocrx_word' id='word_1_449' title='bbox 126 2973 159 3004; x_wconf 90' lang='lat' dir='ltr'>p.</span> <span class='ocrx_word' id='word_1_450' title='bbox 173 2964 246 2996; x_wconf 85' lang='lat'>5.9.</span> <span class='ocrx_word' id='word_1_451' title='bbox 359 2961 374 2983; x_wconf 80' lang='lat'>3</span> <span class='ocrx_word' id='word_1_452' title='bbox 398 2961 561 3002; x_wconf 76' lang='lat' dir='ltr'>Me-taph.</span> <span class='ocrx_word' id='word_1_453' title='bbox 588 2961 628 3000; x_wconf 90' lang='lat' dir='ltr'>X,</span> <span class='ocrx_word' id='word_1_454' title='bbox 656 2961 673 2992; x_wconf 90' lang='lat'>1</span> <span class='ocrx_word' id='word_1_455' title='bbox 701 2958 770 2999; x_wconf 84' lang='lat' dir='ltr'>(XI,</span> <span class='ocrx_word' id='word_1_456' title='bbox 799 2958 844 2999; x_wconf 90' lang='lat'>1).</span> <span class='ocrx_word' id='word_1_457' title='bbox 950 2957 965 2980; x_wconf 82' lang='lat'>4</span> <span class='ocrx_word' id='word_1_458' title='bbox 990 2958 1185 2997; x_wconf 80' lang='lat' dir='ltr'>Anselm,</span> <span class='ocrx_word' id='word_1_459' title='bbox 1213 2957 1266 2989; x_wconf 82' lang='lat' dir='ltr'>De</span> <span class='ocrx_word' id='word_1_460' title='bbox 1296 2956 1370 2989; x_wconf 80' lang='lat' dir='ltr'>Ver.</span> <span class='ocrx_word' id='word_1_461' title='bbox 1397 2956 1471 2988; x_wconf 90' lang='lat' dir='ltr'>XIII</span> <span class='ocrx_word' id='word_1_462' title='bbox 1497 2953 1567 2995; x_wconf 90' lang='lat' dir='ltr'>(PL</span> <span class='ocrx_word' id='word_1_463' title='bbox 1594 2954 1669 2993; x_wconf 87' lang='lat'>158,</span> <span class='ocrx_word' id='word_1_464' title='bbox 1698 2953 1789 2992; x_wconf 84' lang='grc'>486).</span> 
     </span>
    </p>

    <p class='ocr_par' dir='ltr' id='par_1_19' title="bbox 128 3006 1792 3109">
     <span class='ocr_line' id='line_1_47' title="bbox 263 3006 1792 3053; baseline -0.006 -6"><span class='ocrx_word' id='word_1_465' title='bbox 263 3015 278 3038; x_wconf 76' lang='grc' dir='ltr'>ῑ·</span> <span class='ocrx_word' id='word_1_466' title='bbox 303 3015 542 3053; x_wconf 87' lang='lat' dir='ltr'>Averroes,</span> <span class='ocrx_word' id='word_1_467' title='bbox 580 3013 688 3053; x_wconf 79' lang='lat' dir='ltr'>Phys.</span> <span class='ocrx_word' id='word_1_468' title='bbox 714 3012 770 3052; x_wconf 88' lang='lat' dir='ltr'>IV,</span> <span class='ocrx_word' id='word_1_469' title='bbox 799 3013 839 3044; x_wconf 90' lang='lat'>11</span> <span class='ocrx_word' id='word_1_470' title='bbox 861 3010 935 3051; x_wconf 88' lang='grc'>(16)</span> <span class='ocrx_word' id='word_1_471' title='bbox 974 3012 1010 3044; x_wconf 89' lang='lat' dir='ltr'>et</span> <span class='ocrx_word' id='word_1_472' title='bbox 1049 3012 1089 3043; x_wconf 85' lang='grc'>14</span> <span class='ocrx_word' id='word_1_473' title='bbox 1111 3009 1185 3050; x_wconf 84' lang='grc'>(20)</span> <span class='ocrx_word' id='word_1_474' title='bbox 1222 3008 1326 3049; x_wconf 85' lang='lat' dir='ltr'>(text.</span> <span class='ocrx_word' id='word_1_475' title='bbox 1363 3009 1405 3041; x_wconf 82' lang='lat'>98</span> <span class='ocrx_word' id='word_1_476' title='bbox 1432 3009 1468 3041; x_wconf 87' lang='lat' dir='ltr'>et</span> <span class='ocrx_word' id='word_1_477' title='bbox 1495 3006 1586 3047; x_wconf 84' lang='lat'>130),</span> <span class='ocrx_word' id='word_1_478' title='bbox 1621 3007 1679 3039; x_wconf 92' lang='lat' dir='ltr'>ubi</span> <span class='ocrx_word' id='word_1_479' title='bbox 1709 3007 1792 3038; x_wconf 88' lang='lat' dir='ltr'>dicit</span> 
     </span>
     <span class='ocr_line' id='line_1_48' title="bbox 128 3062 1523 3109; baseline -0.006 -8"><span class='ocrx_word' id='word_1_480' title='bbox 128 3071 269 3109; x_wconf 87' lang='lat' dir='ltr'>tempus</span> <span class='ocrx_word' id='word_1_481' title='bbox 295 3068 400 3108; x_wconf 84' lang='lat' dir='ltr'>sequi</span> <span class='ocrx_word' id='word_1_482' title='bbox 425 3069 558 3100; x_wconf 90' lang='lat' dir='ltr'>motum</span> <span class='ocrx_word' id='word_1_483' title='bbox 584 3066 746 3107; x_wconf 91' lang='lat' dir='ltr'>corporis</span> <span class='ocrx_word' id='word_1_484' title='bbox 773 3065 941 3098; x_wconf 78' lang='lat' dir='ltr'>caelest1s</span> <span class='ocrx_word' id='word_1_485' title='bbox 968 3065 1003 3097; x_wconf 88' lang='lat' dir='ltr'>et</span> <span class='ocrx_word' id='word_1_486' title='bbox 1029 3065 1144 3105; x_wconf 85' lang='lat' dir='ltr'>primo</span> <span class='ocrx_word' id='word_1_487' title='bbox 1169 3063 1323 3096; x_wconf 87' lang='lat' dir='ltr'>inveniri</span> <span class='ocrx_word' id='word_1_488' title='bbox 1349 3062 1383 3094; x_wconf 91' lang='lat' dir='ltr'>in</span> <span class='ocrx_word' id='word_1_489' title='bbox 1410 3062 1523 3094; x_wconf 87' lang='lat' dir='ltr'>caelo.</span> 
     </span>
    </p>
   </div>
  </div>
 </body>
</html>
