2095 3459
125 1862 167 1900 C.
186 1862 309 1898 XXV.

126 1924 188 1956 fol.
207 1924 275 1956 33υ
287 1924 307 1955 b

128 2292 193 2324 rol:
209 2293 252 2324 34
262 2296 280 2315 ν
291 2301 315 2324 α

332 194 399 229 186
839 195 1013 227 <Iohannis
1038 195 1207 227 Pechami
1234 195 1482 231 Quaestiones.

888 310 1197 371 Quaestio
1236 310 1449 362 XXVII.

332 427 569 477 supposito
608 427 726 476 quod
765 427 913 466 anima
949 426 1180 466 rationalis
1218 426 1273 465 sit
1311 426 1356 465 in
1393 426 1589 475 qualibet
1620 426 1746 474 parte
1778 424 1991 474 corporiS‚

332 498 559 550 quaeritur
599 500 745 537 utrum
786 496 986 536 similiter
1027 497 1175 536 anima
1215 496 1402 535 brutalis
1445 496 1501 535 sit
1544 496 1588 534 in
1627 495 1823 544 qualibet
1866 496 1992 544 parte

979 567 1178 617 corporis
1209 568 1304 606 tota
1321 561 1347 606 ¹.
1967 561 1971 564 ’

863 656 916 692 Ε1
942 656 1195 692 ostenditur
1219 656 1343 700 quod
1368 664 1471 691 non.
1616 667 1620 675 ¹
2012 655 2028 680 5

470 730 499 764 1.
525 728 672 764 Anima
696 726 863 763 brutalis
890 726 1077 762 educitur
1102 727 1152 762 de
1178 726 1351 762 materia
1363 728 1388 761 2.
1427 726 1509 762 Sed
1534 735 1654 761 omne
1682 725 1790 770 quod
1811 726 1994 762 educitur

331 790 382 826 de
408 787 589 829 materia,
615 787 727 832 prius
754 786 818 822 est
844 785 994 830 aliquid
1019 785 1060 821 in
1086 785 1267 827 materia,
1293 786 1434 830 utpote
1461 785 1596 829 aliqua
1620 784 1751 820 forma
1770 784 1992 820 materialis

331 847 588 892 incompleta.
648 845 788 882 Omnis
824 845 961 880 autem
994 844 1126 880 forma
1151 844 1374 880 materialis
1400 843 1647 888 incompleta
1673 843 1907 879 extenditur
1933 853 1994 879 se-

332 906 506 943 cundum
532 904 818 941 extensionem
844 903 1053 939 materiae.

471 966 502 1000 2.
538 964 639 1000 Item
670 963 780 999 nulla
804 962 932 998 virtus
964 961 1081 998 finita
1104 962 1242 1006 potest
1266 962 1405 998 facere
1431 963 1482 998 de
1511 971 1592 998 non
1620 963 1771 1006 quanto
1800 963 1993 1007 quantum
2014 970 2046 995 10

333 1024 436 1060 sicut
460 1032 538 1059 1100
565 1023 744 1059 econtra.
792 1020 898 1066 Ergo
934 1020 1043 1065 quod
1070 1020 1253 1056 educitur
1279 1021 1329 1056 de
1355 1020 1540 1065 potentia
1565 1020 1774 1061 materiae,
1802 1030 1893 1056 cum
1924 1020 1996 1056 fiat

332 1083 382 1119 de
418 1082 581 1127 quanto,
616 1089 791 1116 necesse
827 1081 891 1115 est
917 1088 1011 1115 esse
1044 1080 1248 1124 quantum.
1297 1078 1402 1124 Ergo
1429 1089 1511 1115 non
1538 1080 1602 1115 est
1627 1079 1776 1124 ubique
1802 1080 1929 1115 totum
1954 1079 1994 1114 in

332 1151 394 1183 eo,
421 1141 534 1177 cuius
561 1141 634 1177 est.

1080 1185 1258 1222 Contra.

472 1254 501 1288 1.
537 1252 858 1298 Augustinus,
896 1251 1038 1296 Supra
1073 1251 1309 1295 Epistolam
1337 1250 1666 1287 Fundamenti.³:
1707 1250 1900 1293 „Animae
1927 1260 2048 1286 na-1:›

331 1314 431 1354 tura,
470 1311 546 1348 etsi
580 1321 664 1347 non
698 1310 766 1346 illa
801 1310 887 1346 eius
914 1309 1098 1355 potentia
1123 1309 1417 1350 consideratur,
1453 1318 1533 1353 qua
1558 1308 1742 1354 intelligit
1766 1309 1994 1351 veritatem,

333 1372 407 1408 sed
431 1371 499 1407 illa
523 1369 702 1411 inferior,
729 1379 847 1414 quam
875 1368 1058 1405 continet
1083 1377 1231 1413 corpus
1259 1368 1300 1404 et
1326 1367 1449 1404 sentit
1473 1367 1514 1403 in
1535 1377 1718 1412 corpore,
1744 1367 1853 1403 nullo
1874 1368 1994 1404 modo

332 1430 536 1467 invenitur
569 1430 750 1465 locorum
786 1427 927 1473 spatiis
962 1428 1097 1472 aliqua
1131 1427 1237 1463 mole
1265 1426 1450 1462 distendi.
1500 1426 1601 1462 Nam
1627 1426 1794 1472 singulis
1822 1426 1884 1462 sui
1910 1436 1995 1463 cor·
2022 1429 2025 1431 ’

332 1489 443 1535 poris
468 1488 651 1534 partibus
677 1488 763 1523 tota
787 1487 954 1532 praesto
982 1487 1045 1522 est
1072 1487 1112 1522 et
1137 1487 1223 1521 tota
1249 1485 1372 1521 sentit
1398 1485 1438 1521 in
1459 1485 1659 1530 singulis.“
1698 1485 1778 1521 Sed
1803 1485 1911 1522 idem
1933 1487 1995 1522 est

332 1548 524 1585 iudicium
549 1547 599 1583 de
627 1546 736 1582 omni
762 1545 898 1581 anima
923 1545 1115 1581 sensibili.
1164 1544 1269 1590 Ergo
1297 1545 1371 1580 etc.
2012 1560 2047 1586 20

472 1608 502 1642 2.
538 1606 637 1642 Item
671 1605 808 1641 anima
840 1604 947 1640 bruti
977 1605 1063 1640 tota
1087 1604 1128 1639 in
1155 1603 1335 1649 qualibet
1360 1605 1476 1648 parte
1503 1603 1684 1648 corporis
1713 1603 1845 1640 sentit.
1896 1604 1994 1640 Nam

332 1666 441 1702 iacta
464 1665 650 1702 laesione
676 1664 717 1700 in
742 1664 857 1709 parte
883 1673 965 1699 una
989 1663 1298 1708 imperceptibili
1319 1663 1532 1698 intervallo
1554 1664 1693 1698 monet
1712 1662 1887 1707 aliquam
1908 1673 1996 1708 par-

332 1727 414 1762 tem
438 1724 620 1769 corporis
644 1724 696 1760 ad
716 1723 1027 1759 ministrandum
1046 1722 1164 1758 alteri
1182 1722 1297 1767 parti.
1326 1721 1443 1762 Quod
1462 1731 1545 1757 non
1566 1723 1677 1758 esset
1696 1722 1902 1767 possibile,
1917 1723 1995 1758 nisi

333 1784 479 1820 eadem
498 1783 634 1819 anima
653 1782 876 1818 secundum
895 1782 1014 1823 idem,
1042 1782 1084 1817 ut
1104 1781 1273 1822 videtur,
1304 1782 1416 1817 esset
1441 1790 1642 1826 praesens
1668 1781 1827 1826 utrique
1853 1781 1992 1826 parti4.

533 1865 788 1910 Responsio
814 1864 898 1906 <ad
924 1864 1241 1909 quaestionem
1267 1864 1531 1900 vicesimam
1559 1864 1797 1909 quintam).
2014 1878 2046 1903 25

471 1936 533 1972 Ad
547 1936 717 1981 primam
732 1935 1015 1980 quaestionem
1035 1935 1342 1980 intelligendum
1363 1935 1470 1979 quod
1493 1935 1630 1971 dicunt
1645 1935 1805 1980 quidam
1818 1936 1994 1972 animam

334 2006 416 2033 non
442 1994 632 2040 componi
659 2004 712 2030 ex
738 1994 909 2030 materia
935 1997 975 2030 et
1000 1993 1141 2035 forma,
1177 1994 1272 2039 quia
1297 1994 1586 2030 universaliter
1613 1994 1835 2030 secundum
1861 1994 1928 2031 Bo
1944 2004 1995 2031 e-

333 2055 486 2091 thium
518 2053 746 2089 substantia
778 2053 998 2098 spiritualis
1024 2053 1122 2088 nulli
1146 2053 1344 2089 materiae
1370 2053 1552 2089 innititur
1577 2052 1842 2089 fundamento
1856 2056 1880 2088 ⁵.
1931 2053 1996 2089 Di-

334 2115 429 2150 cunt
453 2114 590 2149 tamen
618 2122 708 2148 eam
734 2112 923 2156 componi
951 2121 1005 2148 ex
1034 2112 1229 2156 quiditate
1249 2112 1290 2147 et
1318 2121 1424 2153 esse,
1451 2113 1492 2148 et
1512 2121 1591 2157 quo
1620 2113 1683 2147 est
1708 2113 1748 2148 et
1768 2112 1877 2157 quod
1897 2113 1993 2148 estss.

473 2171 553 2208 Sed
577 2171 728 2207 frustra
752 2171 974 2207 Boethio
1001 2170 1235 2213 innituntur,
1263 2170 1357 2215 quia
1381 2170 1470 2215 ipse
1496 2180 1521 2207 a
1547 2171 1784 2207 substantiis
1811 2170 1995 2216 spiritua·
2013 2183 2047 2207 30

333 2231 437 2267 libus
474 2230 652 2266 excludit
685 2230 838 2265 tantum
872 2229 1084 2265 materiam
1120 2238 1224 2273 quae
1256 2230 1392 2274 potest
1424 2239 1519 2265 esse
1547 2229 1771 2265 subiectum
1797 2230 1995 2265 transmu-

334 2289 509 2326 tationis.
547 2289 658 2324 Alias
689 2288 765 2324 sibi
791 2298 815 2324 a
839 2289 954 2333 parte
981 2288 1280 2324 contradiceret
1304 2288 1346 2324 in
1370 2289 1470 2324 libro
1497 2288 1556 2324 De
1587 2288 1748 2324 Unitate
1774 2290 1810 2324 et
1841 2288 1926 2324 Uno
1937 2290 1961 2323 ⁷.
1980 2290 1993 2329 11

333 2349 552 2384 Praeterea
577 2357 666 2384 cum
693 2356 822 2393 genus
850 2347 1100 2383 substantiae
1127 2347 1330 2383 dividatur
1353 2357 1428 2392 per
1447 2347 1678 2392 spirituales
1700 2348 1739 2383 et
1760 2347 1993 2392 corporales

475 2435 514 2466 11
543 2433 619 2473 fiat]
646 2434 755 2466 faciat
850 2434 891 2465 26
918 2433 1082 2474 primam]
1117 2434 1158 2466 in
1189 2434 1457 2466 commentario
1483 2435 1536 2466 es*
1560 2434 1600 2466 in
1627 2434 1694 2466 hoc
1720 2434 1913 2475 complexu
1938 2442 1994 2466 se-

335 2488 467 2526 cunda;
500 2486 671 2519 similiter
704 2487 882 2527 deinceps.
980 2487 1022 2519 29
1057 2486 1268 2527 quidditate]
1304 2487 1498 2527 quidsitate
1595 2487 1636 2519 32
1670 2486 1760 2526 Uno]
1793 2487 1839 2519 ab
1874 2487 1994 2518 altera

334 2545 454 2572 manu
480 2539 634 2572 additur
658 2540 698 2572 in
724 2540 896 2580 maryine
926 2540 1124 2572 inferiore:
1159 2541 1196 2572 ut
1229 2541 1331 2580 patet
1365 2541 1400 2572 in
1434 2540 1549 2580 primo
1585 2540 1796 2581 argumento
1831 2540 1876 2573 ad
1911 2548 1993 2572 con-

332 2593 481 2625 trariam
505 2593 656 2633 partem.

471 2674 483 2696 1
510 2675 580 2708 Cir.
606 2675 938 2712 Μο111010111110,
965 2676 1017 2712 ΙΙΙ,
1045 2676 1121 2708 527.

471 2727 485 2749 2
510 2728 580 2761 Cfr.
607 2729 775 2766 Bonav.,
805 2729 869 2769 Op.
898 2738 995 2761 omn.
1023 2729 1060 2767 ΙΙ,
1087 2729 1153 2761 372
1180 2729 1362 2767 [Scholion
1389 2728 1480 2767 376).

471 2780 486 2802 3
513 2781 652 2813 Contra
677 2781 742 2822 Ep.
769 2782 991 2819 Manichaei,
1019 2790 1097 2822 cap.
1127 2782 1168 2813 16
1194 2780 1265 2820 (PL
1291 2782 1345 2821 42,
1374 2781 1464 2821 185).

470 2832 484 2855 4
509 2834 712 2874 Responsio
738 2843 810 2866 una
834 2843 913 2866 cum
939 2835 1116 2867 solutione
1143 2835 1360 2867 obiectorum
1388 2835 1601 2875 proponitur
1627 2835 1720 2866 infra
1745 2843 1777 2874 p.
1808 2834 1871 2866 190
1893 2843 1919 2866 5.

471 2886 486 2908 5
511 2887 562 2919 De
587 2887 745 2920 Duabus
769 2888 927 2920 Naturis
960 2890 994 2920 et
1022 2888 1103 2920 Una
1127 2888 1294 2920 Persona
1321 2888 1466 2926 Christi,
1504 2897 1582 2928 cap.
1610 2888 1645 2920 6:
1687 2887 1831 2926 „Omnis
1865 2888 1994 2920 natura

333 2939 572 2979 incorporeae
598 2940 824 2972 substantiae
848 2941 946 2973 nullo
973 2941 1145 2973 materiae
1172 2941 1403 2973 fundamento
1430 2940 1620 2973 innititur.“

471 2991 486 3013 ⁶
511 2992 581 3024 Cir.
608 2993 769 3025 scholion
796 2994 939 3026 citatum
966 3003 999 3034 p.
1028 2994 1103 3032 183,
1136 2995 1224 3026 nota
1251 2995 1278 3026 1.
1427 2992 1441 3014 7
1466 2994 1513 3025 At
1538 2994 1679 3026 libellus
1713 2994 1765 3026 De
1793 2994 1937 3026 Unitate
1961 2995 1994 3026 et

338 3044 414 3076 Uno
440 3053 510 3077 non
537 3046 592 3077 est
617 3045 765 3084 Boethii,
793 3047 857 3078 scd
883 3056 905 3079 a
929 3047 1114 3079 Dominico
1141 3047 1393 3079 Gundissalino
1419 3047 1644 3087 conscriptus
1672 3049 1735 3079 est.
