2095 3459
282 207 326 241 60
791 207 967 240 <Iohannis
993 207 1160 240 Pechami
1186 207 1435 244 Quaestiones.

280 304 600 350 Augustinus,
627 303 689 339 IX.
716 304 774 339 De
805 304 1017 347 Trinitace,
1042 308 1113 340 VII.
1141 306 1251 349 cap.1
1278 304 1347 340 ubi
1372 304 1478 345 dicit,
1517 305 1626 349 quod
1665 304 1715 341 de
1748 304 1809 340 his
1841 314 1947 349 quae

280 364 318 398 in
346 363 558 399 communi·
574 363 757 399 veritatis
782 363 933 399 lumine
960 373 1042 399 non
1065 363 1338 405 innotescunt,
1365 363 1497 399 nullus
1518 364 1655 408 potest
1674 363 1790 399 alteri
1809 363 1947 400 iacere

279 422 357 458 nisi
382 422 661 457 credulitatem
687 423 853 458 tantum.

416 482 448 517 6.
475 481 574 516 Item
600 481 781 527 intelligo
809 481 987 526 aliquam
1012 481 1226 517 veritatem
1253 482 1293 517 et
1318 482 1361 517 tu
1380 481 1572 527 intelligis
1594 482 1794 517 eandem2
1814 503 1858 507 —
1878 482 1948 517 aut

279 540 453 576 eandem
479 549 660 579 numero,
698 540 764 576 vel
803 540 1064 576 similitudine
1096 540 1162 576 vel
1199 540 1337 585 specie
1372 541 1539 576 tantum.
1590 540 1631 577 Si
1656 541 1786 586 primo
1812 541 1946 582 modo,
1967 548 1982 573 5

278 599 411 634 habeo
437 599 701 643 propositum.
752 599 793 635 Si
822 600 1004 635 secundo
1031 600 1153 636 modo
1179 620 1224 623 —
1251 600 1324 635 sed
1352 600 1459 645 quod
1485 600 1683 635 ambabus
1707 600 1946 636 veritatibus

279 658 339 693 est
366 667 592 698 commune,
621 660 683 694 est
708 658 958 704 intelligibile
989 668 1013 694 a
1032 658 1370 694 similitudinibus.
1425 658 1530 704 Ergo
1563 659 1668 695 sicut
1696 659 1947 705 intelligibile

276 716 521 761 particulare
542 717 776 763 intelligitur
795 718 845 753 ab
867 718 945 753 isto
965 718 1170 754 mediante
1192 728 1266 753 suo
1287 718 1438 753 lumine
1458 718 1703 763 particulari,
1729 718 1785 754 ita
1804 717 1948 754 intelli-

277 775 398 821 gibile
419 776 578 821 utrique
600 786 815 813 commune
833 777 1039 812 mediante
1060 777 1195 822 aliquo
1215 777 1367 813 lumine
1393 777 1554 822 utrique
1581 777 1794 813 communi.
1840 776 1946 823 Ergo

278 843 401 869 unum
428 835 491 870 est
516 835 653 871 lumen
674 835 714 871 in
735 837 917 880 utroque,
945 835 1040 880 quia
1056 835 1187 880 prima
1211 835 1480 881 intelligentia
1505 837 1677 881 utraque
1701 836 1946 873 manifestat.
1969 849 2000 874 10

585 930 695 966 Item
723 930 976 967 ostendimr
1001 930 1125 975 quod
1151 930 1205 967 sit
1229 939 1323 966 una
1348 930 1424 966 lux
1451 932 1623 967 creata.

417 1014 447 1047 1.
476 1011 579 1052 Quia
606 1012 700 1049 dicit
726 1013 1035 1059 Augustinus
1062 1013 1191 1058 primo
1218 1013 1277 1048 De
1304 1013 1450 1049 Libero
1475 1013 1712 1049 Arbitriossz
1744 1014 1947 1057 „Veritate

276 1073 398 1116 atque
427 1071 639 1116 sapientia,
667 1082 773 1117 quae
801 1072 1027 1108 communis
1055 1074 1118 1108 est
1145 1072 1345 1113 omnibus,
1373 1081 1517 1108 omnes
1545 1073 1756 1118 sapientes
1778 1074 1818 1109 et
1837 1074 1947 1110 beati

275 1130 376 1165 fiunt
402 1131 657 1166 inhaerendo
685 1131 771 1166 illif‘
822 1131 1081 1167 Beatitudine
1108 1133 1246 1168 autem
1272 1131 1438 1168 alterius
1464 1131 1639 1168 hominis
1666 1142 1750 1168 non
1775 1132 1821 1168 fit
1845 1133 1948 1169 alter

275 1190 432 1225 beatus.
483 1189 646 1226 Certum
673 1191 736 1226 est
762 1191 870 1235 quod
896 1200 978 1226 una
1005 1191 1068 1226 est
1100 1191 1325 1226 communis
1364 1190 1573 1226 beatitudo
1612 1191 1804 1233 increata,
1843 1192 1947 1228 sicut
1969 1202 2000 1227 15

275 1249 475 1293 sapientia
503 1250 566 1285 est
591 1259 672 1285 una
698 1249 891 1285 increata.
942 1249 984 1285 Si
1019 1258 1116 1295 ergo
1152 1249 1282 1286 maior
1317 1251 1380 1285 est
1415 1250 1685 1286 communitas
1710 1251 1777 1287 vel
1811 1251 1945 1287 unitas

276 1308 504 1352 sapientiae
531 1318 653 1353 quam
678 1309 954 1351 beatitudinis,
981 1310 1143 1354 oportet
1169 1309 1277 1354 quod
1305 1319 1386 1345 una
1421 1309 1472 1345 sit
1505 1309 1709 1354 sapientia
1741 1311 1880 1346 creata
1904 1310 1945 1347 in

274 1367 454 1412 pluribus
482 1368 723 1409 hominibus,
752 1369 897 1405 eadem
922 1369 1082 1404 ratione
1108 1368 1149 1404 in
1176 1369 1374 1405 omnibus.

415 1428 445 1462 2.
472 1427 572 1464 Item
598 1428 676 1464 hoc
701 1428 863 1464 videtur
887 1438 961 1473 per
986 1428 1281 1464 Richardum
1308 1427 1369 1464 VI.
1400 1428 1458 1464 De
1489 1428 1716 1465 Trinitate⁴
1742 1429 1947 1465 dicentem

230 1530 235 1532 ,
275 1487 384 1532 quod
410 1497 491 1522 una
518 1488 581 1523 est
608 1487 811 1532 sapientia
836 1487 877 1523 in
903 1488 1080 1523 docente
1108 1489 1148 1523 et
1174 1487 1371 1523 discente.
1966 1497 2000 1522 20

172 2122 248 2159 .b.

413 1547 444 1582 3.
471 1546 570 1582 Item
591 1546 865 1587 Avicenna,
900 1546 957 1582 VI.
979 1546 1298 1582 Naturalium5:
1326 1546 1618 1593 „Intelligentia
1636 1547 1678 1583 in
1702 1546 1853 1584 effectu
1878 1548 1947 1584 dat

274 1605 426 1641 formas
453 1605 740 1652 intelligibiles,
780 1606 894 1642 cuius
931 1605 1116 1651 operatio
1156 1607 1220 1642 est
1257 1606 1310 1642 ad
1335 1606 1493 1642 animas
1520 1607 1682 1643 nostras
1710 1607 1814 1643 sicut
1840 1616 1947 1643 com-

274 1665 430 1710 paratio
457 1665 603 1707 <solis>
629 1666 680 1701 ad
707 1666 820 1701 visus
847 1666 1045 1701 nostros.“

412 1725 444 1760 4.
471 1724 570 1760 Item
609 1725 713 1760 haec
739 1724 899 1761 videtur
926 1724 1056 1761 fuisse
1089 1735 1206 1761 mens
1245 1724 1515 1771 Augustini
1543 1725 1631 1767 <in>
1661 1725 1946 1770 soliloquiisfl,

250 1770 253 1809 ῗ
274 1783 342 1819 ubi
369 1783 474 1824 dicit,
502 1784 610 1828 quod
636 1783 836 1829 principia
863 1784 1126 1820 scientiarum
1152 1784 1402 1820 illustrantur
1428 1784 1546 1829 quasi
1571 1794 1596 1820 a
1621 1785 1709 1821 sole
1737 1785 1944 1830 spirituali,
1965 1798 1999 1824 25

246 1842 396 1882 Jimmo
424 1843 528 1878 sicut
554 1843 783 1889 corporalia
809 1853 834 1879 a
861 1843 948 1879 sole
988 1843 1200 1888 corporali.
1252 1843 1333 1879 Sed
1371 1843 1537 1879 maioris
1576 1845 1670 1879 sunt
1706 1843 1866 1880 virtutis
1905 1845 1946 1880 et

275 1901 522 1937 existentiae
549 1902 960 1938 communicabilioris
987 1902 1211 1947 spiritualia
1238 1912 1359 1947 quam
1380 1903 1619 1948 corporalia.
1659 1902 1700 1939 Si
1721 1912 1818 1949 ergo
1839 1913 1944 1940 unus

276 1962 338 1997 est
363 1960 456 1996 fons
484 1963 646 1997 creatus
663 1962 824 1998 luminis
846 1962 1129 2007 corpor<al>is,
1157 1971 1283 2007 quare
1303 1964 1434 2004 <n0n>
1454 1962 1576 1998 etiam
1596 1972 1702 1998 unus
1719 1962 1813 1998 fons
1834 1972 1946 1999 crea—

274 2021 338 2055 tus
364 2020 494 2056 omnis
522 2020 683 2056 luminis
711 2020 964 2066 spiritualis?

521 2115 632 2151 Item
659 2116 912 2152 ostenditur
937 2116 1060 2161 quod
1087 2116 1252 2153 eodem
1278 2116 1446 2152 lumine
1472 2116 1694 2153 increato.
1964 2128 1999 2155 30

414 2199 443 2233 1.
472 2198 794 2244 Augustinus,
832 2199 897 2236 Ad
921 2199 1216 2236 Nebridium72
1256 2199 1509 2242 „Intellectus
1546 2199 1589 2235 in
1626 2199 1746 2235 nobis
1785 2200 1944 2236 duobus

273 2257 405 2293 modis
425 2256 489 2292 fit:
517 2259 585 2293 aut
604 2258 695 2303 ipsa
714 2268 788 2303 per
809 2268 855 2295 se
875 2261 1061 2301 (mente)
1075 2259 1332 2299 intrinsecus,
1353 2259 1396 2294 ut
1415 2258 1676 2304 intelligimus
1699 2268 1794 2295 esse
1811 2259 1945 2304 ipsum

274 2316 533 2358 intellectum,
572 2319 641 2353 aut
665 2318 946 2354 admonitione
983 2328 1008 2354 a
1046 2319 1247 2359 sensibus,
1288 2319 1328 2354 ut
1353 2318 1615 2364 intelligimus
1652 2327 1748 2354 esse
1783 2327 1943 2363 corpus.

273 2375 372 2412 Illud
396 2376 570 2421 primum
597 2377 647 2413 de
675 2387 725 2414 eo
753 2378 860 2423 quod
887 2378 995 2423 apud
1020 2387 1096 2414 nos
1123 2378 1186 2414 est
1219 2377 1350 2413 Deum
1377 2377 1642 2417 consulendo,
1678 2377 1730 2413 de
1758 2386 1807 2413 eo
1835 2378 1943 2422 quod

274 2445 400 2472 sensu
426 2436 632 2472 nuntiatur
656 2437 915 2473 nihilominus
940 2437 1072 2473 Deum
1098 2437 1351 2473 consulendo
1377 2436 1671 2482 intelligimus.“
1962 2446 1996 2472 35

413 2558 432 2590 6
459 2558 683 2598 veritatibus]
709 2560 906 2592 unitatibus
979 2560 998 2592 9
1025 2558 1215 2598 communi]
1235 2567 1423 2591 commune
1498 2559 1539 2591 18
1564 2558 1717 2598 ratione]
1742 2560 1943 2592 rationibus

274 2611 315 2643 21
344 2610 490 2649 effectu]
517 2612 685 2644 effectum
771 2613 812 2645 31
840 2611 1058 2651 Intellectus]
1085 2612 1356 2653 intelligendum
1440 2612 1484 2644 35
1511 2621 1622 2644 sensu
1647 2612 1830 2645 nuntiatur
1854 2613 1942 2645 nihi-

272 2659 439 2703 lominus]
466 2673 576 2697 sensu
600 2665 831 2698 nihilominus
856 2666 1041 2698 nuntiatur

413 2781 426 2804 1
451 2782 583 2815 Locum
609 2792 680 2816 non
705 2784 837 2817 inveni.

411 2835 426 2857 ²
452 2836 522 2869 Cir.
547 2837 600 2869 De
623 2837 736 2869 Hum.
764 2837 876 2877 Coyn.
903 2838 986 2870 Rat.
1013 2847 1047 2878 p.
1076 2837 1141 2870 205
1168 2838 1204 2870 et
1228 2837 1310 2869 loca
1333 2837 1572 2878 Augustini
1595 2837 1645 2869 ibi
1670 2837 1789 2869 citata.

411 2888 426 2910 3
451 2889 489 2925 II,
518 2890 559 2922 19
586 2888 657 2929 (PL
683 2890 736 2929 32,
766 2890 853 2923 1268
879 2899 913 2923 n.
941 2889 1016 2930 52);
1042 2891 1106 2923 cfr.
1132 2891 1171 2927 Π.
1199 2890 1241 2922 13
1268 2888 1315 2929 (n.
1343 2889 1413 2929 36).

412 2940 427 2963 4
451 2942 507 2981 VI,
535 2942 578 2975 24
604 2941 676 2982 (PL
702 2943 778 2982 196,
807 2943 873 2976 989
894 2942 946 2983 C).
1088 2943 1103 2966 5
1129 2943 1169 2983 V,
1197 2944 1228 2975 5.

412 2993 426 3016 6
451 2995 474 3034 Ι,
503 2995 522 3027 8
549 2994 620 3034 (PL
645 2996 699 3035 32,
727 2996 793 3029 877
820 3005 852 3029 n.
881 2995 950 3036 15).

411 3046 426 3069 ⁷
452 3048 520 3089 E'p.'
545 3049 586 3081 13
613 3047 718 3088 (alias
745 3045 827 3092 218)
855 3048 925 3088 (PL
951 3050 1005 3088 33,
1033 3049 1075 3082 78
1101 3059 1135 3082 n.
1163 3048 1208 3088 4).
