2095 3459
315 198 380 233 206
830 196 1004 231 «Iohannis
1028 199 1196 231 Pechami
1223 199 1469 236 Quaestiones.

852 326 1158 387 Quaestio
1197 326 1431 378 XXXIII.

381 459 617 506 Quaeritur
649 459 702 499 de
733 459 862 498 tertio
878 453 903 507 ¹,
937 458 1127 500 <scilicet
1159 458 1212 498 de
1244 458 1575 508 comparatione
1607 457 1903 507 potentiarum

989 529 1034 569 in
1065 529 1290 570 invicem>

520 625 573 662 Et
598 625 853 661 ostenditur
878 624 999 669 quod
1025 623 1257 668 potentiae
1284 623 1469 659 realiter
1495 623 1581 659 sint
1605 623 1771 668 plures.

457 710 486 743 1.
526 707 628 748 Quia
663 707 870 752 potentiae
897 707 1199 752 cognoscuntur
1230 715 1304 751 per
1329 706 1443 742 actus
1471 707 1511 741 et
1535 706 1649 741 actus
1675 714 1749 750 per
1774 705 1935 741 obiecta
1947 707 1972 740 2.
1993 716 2009 741 5

318 766 422 812 Ergo
460 766 563 802 sicut
596 768 679 802 tres
714 765 922 811 potentiae
960 765 1121 801 animae
1158 765 1309 801 habent
1347 764 1533 800 diversos
1559 765 1674 800 actus
1701 764 1975 800 essentialiter

320 826 361 862 et
386 826 610 861 secundum
633 834 776 871 genus,
804 825 843 860 et
870 824 1031 860 obiecta
1057 823 1178 860 etiam
1203 824 1244 859 in
1269 823 1469 868 aliquibus
1496 822 1737 864 differentia,
1765 823 1882 858 erunt
1906 832 1975 867 po-

319 884 472 920 tentiae
499 883 772 920 essentialiter
797 883 999 919 diversae.

458 944 490 978 2.
526 942 624 978 Item
649 942 689 978 in
714 942 848 978 multis
875 943 938 978 est
964 941 1113 977 efficax
1134 940 1340 982 memoria,
1366 940 1407 976 in
1433 940 1577 985 quibus
1605 941 1668 976 est
1694 939 1837 976 debilis
1862 939 1977 975 intel-

320 1002 461 1043 lectus,
489 1002 529 1037 et
555 1002 732 1037 econtra.
780 1000 885 1046 Ergo
913 1001 1006 1036 sunt
1031 1000 1195 1036 diversa
1220 999 1380 1036 animae
1406 999 1686 1035 instrumenta.
1997 1010 2029 1034 ιο

459 1062 490 1096 3.
517 1060 615 1096 Item
641 1059 838 1105 contingit
862 1059 1110 1095 voluntatem
1144 1068 1237 1095 esse
1262 1058 1409 1094 rationi
1436 1058 1689 1094 contrariam.
1738 1057 1854 1103 Ergo,
1887 1066 1974 1092 cum

322 1129 404 1155 non
431 1120 481 1154 sit
507 1118 773 1154 contrarietas
801 1118 982 1154 eiusdem
1008 1118 1059 1153 ad
1087 1127 1143 1159 se,
1171 1118 1287 1153 erunt
1313 1116 1549 1153 differentes
1575 1116 1794 1161 potentiae.

1071 1205 1248 1242 Contra.

463 1285 492 1319 1.
520 1283 643 1319 Actus
670 1283 822 1328 primus
850 1284 890 1318 et
910 1283 1114 1319 secundus
1141 1284 1234 1318 sunt
1255 1282 1437 1318 eiusdem
1458 1282 1676 1327 potentiae,
1705 1283 1808 1318 sieut
1826 1283 1979 1318 habere

322 1343 454 1379 visum
475 1343 514 1378 et
533 1342 589 1378 uti
604 1342 704 1378 visu.
749 1342 830 1378 Sed
852 1341 1070 1378 memoriae
1092 1342 1155 1377 est
1174 1342 1327 1377 habere
1347 1341 1664 1387 intelligentiam,
1690 1341 1980 1387 intelligentiae
2003 1351 2033 1375 15

324 1401 536 1438 scientiam
563 1402 603 1437 et
629 1401 893 1437 considerare
920 1401 960 1436 et
984 1400 1042 1436 uti
1068 1400 1249 1436 scientia.
1298 1400 1402 1446 Ergo
1428 1401 1625 1436 memoria
1651 1401 1692 1436 et
1716 1400 1983 1446 intelligentia

325 1460 418 1496 sunt
442 1469 524 1495 una
548 1459 732 1504 potentia
756 1459 822 1494 vel
847 1468 929 1494 una
954 1458 1026 1494 vis.

463 1519 495 1554 2.
531 1518 631 1554 Item
669 1517 881 1562 dispositio
920 1518 971 1553 ad
1007 1517 1179 1553 formam
1211 1518 1251 1553 et
1284 1516 1415 1553 forma
1440 1519 1533 1553 sunt
1557 1518 1598 1553 in
1626 1519 1772 1554 eodem
1799 1518 1982 1554 subiecto

325 1577 466 1622 primo.
518 1576 599 1613 Sed
635 1576 812 1622 cognitio
848 1576 945 1612 boni
981 1578 1044 1612 est
1079 1576 1292 1621 dispositio
1328 1577 1514 1621 proxima
1548 1578 1599 1613 ad
1626 1577 1850 1622 appetitum
1876 1577 1982 1613 boni.

325 1636 430 1681 Ergo
467 1635 642 1681 cognitio
679 1636 719 1671 et
752 1635 956 1680 appetitus
990 1636 1084 1670 sunt
1118 1635 1158 1670 in
1194 1636 1340 1671 eodem
1376 1635 1560 1671 subiecto
1593 1636 1733 1681 primo.
1784 1636 1864 1672 Sed
1891 1637 1985 1672 sunt
2003 1643 2037 1667 20

326 1695 453 1740 primo
480 1694 521 1730 in
546 1694 738 1739 potentiis
765 1703 934 1739 quarum
960 1694 1054 1729 sunt
1079 1694 1205 1729 actus.
1243 1693 1347 1739 Ergo
1374 1693 1557 1738 potentia
1577 1694 1783 1739 cognitiva
1803 1695 1843 1729 et
1862 1703 1985 1738 appe-

326 1752 440 1788 titiva
466 1753 559 1788 sunt
585 1752 730 1788 eadem
755 1752 950 1797 potentia.

464 1812 496 1846 3.
534 1810 633 1846 Item
668 1809 871 1846 obiectum
907 1810 1117 1855 utriusque
1152 1811 1360 1855 potentiae
1398 1810 1570 1855 primum
1597 1812 1660 1846 est
1685 1811 1804 1851 idem,
1832 1811 1987 1847 scilicet

327 1879 469 1906 verum
497 1870 537 1905 et
563 1870 725 1905 bonum.
775 1868 854 1905 Sed
880 1869 1091 1914 potentiae
1118 1868 1308 1904 differunt
1334 1870 1375 1904 ut
1401 1869 1572 1910 obiecta,
1607 1879 1681 1914 per
1706 1879 1811 1914 quae
1839 1880 1988 1916 cogno-

329 1929 505 1964 scuntur.
554 1927 659 1973 Ergo
686 1929 761 1964 etc.
2006 1942 2041 1967 25

1023 1998 1289 2044 Responsio.

467 2081 684 2128 Distinguit
718 2082 861 2118 auctor
898 2081 955 2117 De
992 2081 1155 2126 Spiritu
1194 2084 1229 2117 et
1256 2081 1411 2117 Anima
1444 2091 1531 2127 cap.
1558 2083 1628 2118 133
1653 2082 1758 2118 inter
1784 2082 1988 2127 potentias

331 2141 371 2176 et
395 2140 514 2182 vires,
553 2141 712 2176 dicens:
752 2140 983 2184 „Potentiae
1018 2141 1179 2176 animae
1218 2142 1312 2176 sunt
1347 2140 1643 2177 rationabilitas
1676 2143 1716 2177 et
1742 2141 1990 2186 concupisci-

330 2199 462 2235 bilitas
495 2200 535 2235 et
560 2199 817 2235 irascibilitas
827 2208 835 2243 ;
870 2199 979 2235 vires
1007 2200 1101 2235 sunt
1133 2209 1280 2235 sensus
1307 2200 1599 2245 <imaginatio>‚
1632 2201 1748 2242 ratio,
1783 2200 1991 2242 memoria,

330 2258 559 2294 intellectus
591 2258 916 2304 <intelligentia>.
965 2257 1177 2294 Potentiae
1213 2260 1350 2294 autem
1375 2259 1550 2303 possunt
1575 2258 1654 2295 dici
1678 2259 1787 2295 vires
1814 2260 1855 2295 et
1879 2259 1989 2295 vires
2010 2271 2044 2296 30

331 2317 574 2361 potentiae.“
635 2316 696 2352 Ex
733 2326 812 2362 quo
851 2317 1011 2353 videtur
1048 2317 1245 2353 insinuari
1283 2317 1392 2362 quod
1416 2317 1626 2362 potentiae
1652 2318 1839 2354 dicuntur
1863 2318 1991 2363 Ipsius

330 2376 491 2412 animae
517 2376 755 2421 principalia
780 2376 1050 2412 instrumenta
1076 2377 1116 2412 et
1141 2377 1278 2421 partes
1306 2376 1500 2412 virtuales
1526 2376 1698 2412 animae.
1748 2376 1866 2413 Vires
1892 2385 1991 2412 vero

332 2434 518 2470 dIcuntur
550 2434 911 2471 instrumentorum
947 2435 1087 2471 variae
1125 2435 1384 2480 aptitudines,
1431 2435 1535 2470 sicut
1571 2434 1763 2471 differunt
1798 2435 1908 2471 auris
1953 2436 1993 2471 et

333 2493 485 2535 oculus,
511 2493 628 2529 aliter
653 2493 923 2538 perspicuitas
951 2494 992 2529 et
1016 2493 1234 2529 radiositas
1259 2493 1301 2529 in
1327 2493 1456 2530 oculo.

471 2551 571 2588 Dico
608 2551 728 2598 igitur
754 2553 863 2597 quod
893 2552 934 2588 in
959 2552 1095 2588 anima
1121 2553 1185 2588 est
1219 2552 1450 2588 differentia
1473 2552 1747 2597 potentiarum
1772 2553 1813 2588 et
1837 2552 1992 2588 virium.
2012 2569 2046 2594 35

333 2609 454 2646 Cuius
479 2610 582 2646 ratio
610 2611 683 2653 eat,
710 2610 805 2656 quia
830 2610 960 2646 omnis
987 2611 1174 2647 creatura
1197 2610 1239 2646 in
1265 2620 1312 2647 se
1336 2610 1451 2647 finita
1476 2611 1539 2647 est
1565 2611 1605 2647 et
1629 2611 1807 2654 limitata,
1834 2612 1875 2647 et
1899 2611 1993 2647 ideo

473 2721 492 2752 5
521 2728 584 2760 per
618 2719 771 2758 obiecta]
806 2720 859 2752 sic
893 2720 1095 2760 corrigitur
1128 2721 1169 2753 in
1202 2720 1394 2760 margine:
1437 2721 1555 2753 textus
1589 2720 1718 2753 habet:
1755 2720 1996 2753 essentialiter

334 2773 354 2805 9
380 2772 565 2811 memoria]
593 2771 747 2805 additur
770 2773 811 2805 in
837 2774 1009 2813 maraine
1104 2774 1146 2805 27
1175 2772 1232 2812 13]
1261 2773 1302 2805 10

474 2877 487 2900 1
512 2878 686 2911 Videatur
710 2887 823 2919 supra
847 2888 930 2920 pag.
958 2879 1035 2911 266.
1086 2879 1156 2911 Cfr.
1181 2879 1349 2917 Bonav.,
1379 2878 1444 2918 Op.
1471 2887 1570 2911 omn.
1596 2879 1635 2918 II,
1663 2879 1729 2911 558
1744 2887 1792 2911 ss.
1814 2877 1996 2918 (Scholion

336 2929 434 2970 563);
459 2931 596 2963 ibidem
621 2932 788 2963 videatur
807 2932 925 2972 quoad
950 2932 1041 2964 alios
1067 2932 1233 2964 auctores
1259 2940 1282 2963 a
1306 2931 1410 2963 nobis
1435 2931 1505 2963 iam
1531 2932 1661 2964 allatos
1687 2932 1774 2964 nota
1799 2932 1829 2970 3,
1855 2940 1889 2972 p.
1918 2931 1995 2963 199.

336 2984 403 3015 Pro
429 2984 497 3016 hac
524 2993 556 3024 q.
584 2984 721 3015 XXXIII
748 2984 918 3016 addatur:
945 2984 1029 3025 Sig.
1056 2984 1105 3016 de
1130 2984 1264 3022 Brab„
1295 2983 1359 3024 Qq.
1387 2983 1430 3015 de
1458 2983 1596 3016 Anima
1621 2984 1751 3021 Intell.¹
1778 2984 1862 3016 VIII.

473 3034 488 3057 2
513 3036 582 3068 Cir.
610 3036 750 3072 Arist..
777 3036 829 3068 De
855 3036 994 3069 Anima
1017 3037 1056 3073 ΙΙ,
1084 3037 1102 3068 4
1129 3035 1232 3075 (text.
1259 3035 1327 3075 33).
1467 3035 1482 3057 3
1508 3036 1563 3068 PL
1588 3037 1642 3075 40,
1669 3037 1746 3069 789.
