<?xml version="1.0" encoding="UTF-8"?>
<!DOCTYPE html PUBLIC "-//W3C//DTD XHTML 1.0 Transitional//EN"
    "http://www.w3.org/TR/xhtml1/DTD/xhtml1-transitional.dtd">
<html xmlns="http://www.w3.org/1999/xhtml" xml:lang="en" lang="en">
 <head>
  <title>
</title>
<meta http-equiv="Content-Type" content="text/html;charset=utf-8" />
  <meta name='ocr-system' content='tesseract 3.04.00' />
  <meta name='ocr-capabilities' content='ocr_page ocr_carea ocr_par ocr_line ocrx_word'/>
</head>
<body>
  <div class='ocr_page' id='page_1' title='image "./johannispechamiq00peck/johannispechamiq00peck_0114.png"; bbox 0 0 2095 3459; ppageno 0'>
   <div class='ocr_carea' id='block_1_1' title="bbox 337 215 1492 253">
    <p class='ocr_par' dir='ltr' id='par_1_1' title="bbox 337 215 1492 253">
     <span class='ocr_line' id='line_1_1' title="bbox 337 215 1492 253; baseline -0.002 -3"><span class='ocrx_word' id='word_1_1' title='bbox 337 215 381 250; x_wconf 86' lang='grc'>70</span> <span class='ocrx_word' id='word_1_2' title='bbox 846 216 1022 249; x_wconf 62' lang='lat' dir='ltr'>&lt;Iohannis</span> <span class='ocrx_word' id='word_1_3' title='bbox 1048 216 1215 249; x_wconf 88' lang='lat' dir='ltr'>Pechami</span> <span class='ocrx_word' id='word_1_4' title='bbox 1242 216 1492 253; x_wconf 79' lang='lat' dir='ltr'>Quaestiones.</span> 
     </span>
    </p>
   </div>
   <div class='ocr_carea' id='block_1_2' title="bbox 336 312 2034 831">
    <p class='ocr_par' dir='ltr' id='par_1_2' title="bbox 336 312 2034 831">
     <span class='ocr_line' id='line_1_2' title="bbox 337 312 1997 359; baseline 0 -9"><span class='ocrx_word' id='word_1_5' title='bbox 337 312 489 357; x_wconf 82' lang='lat' dir='ltr'>duplex</span> <span class='ocrx_word' id='word_1_6' title='bbox 516 313 579 348; x_wconf 92' lang='lat' dir='ltr'>est</span> <span class='ocrx_word' id='word_1_7' title='bbox 605 312 803 359; x_wconf 82' lang='lat' dir='ltr'>cognitio:</span> <span class='ocrx_word' id='word_1_8' title='bbox 831 312 1006 357; x_wconf 90' lang='lat' dir='ltr'>simplex</span> <span class='ocrx_word' id='word_1_9' title='bbox 1032 313 1073 349; x_wconf 95' lang='lat' dir='ltr'>et</span> <span class='ocrx_word' id='word_1_10' title='bbox 1098 312 1325 358; x_wconf 88' lang='lat' dir='ltr'>composita</span> <span class='ocrx_word' id='word_1_11' title='bbox 1350 312 1415 349; x_wconf 90' lang='lat' dir='ltr'>vel</span> <span class='ocrx_word' id='word_1_12' title='bbox 1442 312 1631 349; x_wconf 86' lang='lat' dir='ltr'>collativa</span> <span class='ocrx_word' id='word_1_13' title='bbox 1642 315 1665 349; x_wconf 90' lang='lat'>1.</span> <span class='ocrx_word' id='word_1_14' title='bbox 1703 313 1746 349; x_wconf 92' lang='lat' dir='ltr'>In</span> <span class='ocrx_word' id='word_1_15' title='bbox 1766 313 1997 359; x_wconf 81' lang='lat' dir='ltr'>cognitione</span> 
     </span>
     <span class='ocr_line' id='line_1_3' title="bbox 337 371 2000 417; baseline 0.001 -10"><span class='ocrx_word' id='word_1_16' title='bbox 337 371 508 416; x_wconf 89' lang='lat' dir='ltr'>simplici</span> <span class='ocrx_word' id='word_1_17' title='bbox 533 371 636 407; x_wconf 88' lang='lat' dir='ltr'>ratio</span> <span class='ocrx_word' id='word_1_18' title='bbox 664 371 944 417; x_wconf 90' lang='lat' dir='ltr'>cognoscendi</span> <span class='ocrx_word' id='word_1_19' title='bbox 970 381 1052 407; x_wconf 90' lang='lat' dir='ltr'>non</span> <span class='ocrx_word' id='word_1_20' title='bbox 1080 373 1143 407; x_wconf 92' lang='lat' dir='ltr'>est</span> <span class='ocrx_word' id='word_1_21' title='bbox 1170 371 1313 413; x_wconf 86' lang='lat' dir='ltr'>notior,</span> <span class='ocrx_word' id='word_1_22' title='bbox 1351 371 1430 407; x_wconf 92' lang='lat' dir='ltr'>nisi</span> <span class='ocrx_word' id='word_1_23' title='bbox 1465 371 1506 407; x_wconf 89' lang='lat' dir='ltr'>in</span> <span class='ocrx_word' id='word_1_24' title='bbox 1545 372 1736 417; x_wconf 91' lang='lat' dir='ltr'>quantum</span> <span class='ocrx_word' id='word_1_25' title='bbox 1761 372 1865 408; x_wconf 88' lang='lat' dir='ltr'>ratio</span> <span class='ocrx_word' id='word_1_26' title='bbox 1892 373 2000 409; x_wconf 91' lang='lat' dir='ltr'>ducit</span> 
     </span>
     <span class='ocr_line' id='line_1_4' title="bbox 337 430 1998 477; baseline 0.002 -12"><span class='ocrx_word' id='word_1_27' title='bbox 337 430 377 466; x_wconf 91' lang='lat' dir='ltr'>in</span> <span class='ocrx_word' id='word_1_28' title='bbox 398 430 579 466; x_wconf 90' lang='lat' dir='ltr'>alterum.</span> <span class='ocrx_word' id='word_1_29' title='bbox 613 430 738 466; x_wconf 84' lang='lat' dir='ltr'>Verbi</span> <span class='ocrx_word' id='word_1_30' title='bbox 757 430 908 476; x_wconf 87' lang='lat' dir='ltr'>gratia:</span> <span class='ocrx_word' id='word_1_31' title='bbox 936 431 987 466; x_wconf 91' lang='lat' dir='ltr'>de</span> <span class='ocrx_word' id='word_1_32' title='bbox 1009 430 1147 475; x_wconf 91' lang='lat' dir='ltr'>specie</span> <span class='ocrx_word' id='word_1_33' title='bbox 1169 430 1328 472; x_wconf 90' lang='lat' dir='ltr'>coloris,</span> <span class='ocrx_word' id='word_1_34' title='bbox 1354 439 1427 475; x_wconf 90' lang='lat' dir='ltr'>per</span> <span class='ocrx_word' id='word_1_35' title='bbox 1450 440 1572 475; x_wconf 86' lang='lat' dir='ltr'>quam</span> <span class='ocrx_word' id='word_1_36' title='bbox 1599 431 1710 467; x_wconf 92' lang='lat' dir='ltr'>color</span> <span class='ocrx_word' id='word_1_37' title='bbox 1731 431 1998 477; x_wconf 83' lang='lat' dir='ltr'>cognoscitur.</span> 
     </span>
     <span class='ocr_line' id='line_1_5' title="bbox 337 488 1999 535; baseline 0.001 -11"><span class='ocrx_word' id='word_1_38' title='bbox 337 489 379 524; x_wconf 93' lang='lat' dir='ltr'>In</span> <span class='ocrx_word' id='word_1_39' title='bbox 407 488 642 535; x_wconf 86' lang='lat' dir='ltr'>cognitione</span> <span class='ocrx_word' id='word_1_40' title='bbox 669 490 806 525; x_wconf 90' lang='lat' dir='ltr'>autem</span> <span class='ocrx_word' id='word_1_41' title='bbox 832 489 1022 525; x_wconf 89' lang='lat' dir='ltr'>collativa</span> <span class='ocrx_word' id='word_1_42' title='bbox 1047 489 1181 525; x_wconf 91' lang='lat' dir='ltr'>notior</span> <span class='ocrx_word' id='word_1_43' title='bbox 1208 490 1271 525; x_wconf 90' lang='lat' dir='ltr'>est</span> <span class='ocrx_word' id='word_1_44' title='bbox 1295 489 1398 525; x_wconf 89' lang='lat' dir='ltr'>ratio</span> <span class='ocrx_word' id='word_1_45' title='bbox 1425 489 1713 535; x_wconf 91' lang='lat' dir='ltr'>cognoscendi,</span> <span class='ocrx_word' id='word_1_46' title='bbox 1740 490 1780 525; x_wconf 92' lang='lat' dir='ltr'>in</span> <span class='ocrx_word' id='word_1_47' title='bbox 1807 491 1999 535; x_wconf 90' lang='lat' dir='ltr'>quantum</span> 
     </span>
     <span class='ocr_line' id='line_1_6' title="bbox 336 547 2034 594; baseline -0.001 -11"><span class='ocrx_word' id='word_1_48' title='bbox 336 547 488 592; x_wconf 89' lang='lat' dir='ltr'>aliquid</span> <span class='ocrx_word' id='word_1_49' title='bbox 514 547 554 583; x_wconf 91' lang='lat' dir='ltr'>in</span> <span class='ocrx_word' id='word_1_50' title='bbox 583 557 639 584; x_wconf 90' lang='lat' dir='ltr'>se.</span> <span class='ocrx_word' id='word_1_51' title='bbox 690 548 815 584; x_wconf 85' lang='lat' dir='ltr'>Verbi</span> <span class='ocrx_word' id='word_1_52' title='bbox 840 548 990 594; x_wconf 86' lang='lat' dir='ltr'>gratia:</span> <span class='ocrx_word' id='word_1_53' title='bbox 1018 548 1111 593; x_wconf 88' lang='lat' dir='ltr'>quia</span> <span class='ocrx_word' id='word_1_54' title='bbox 1136 548 1271 584; x_wconf 90' lang='lat' dir='ltr'>notius</span> <span class='ocrx_word' id='word_1_55' title='bbox 1299 549 1362 584; x_wconf 85' lang='lat' dir='ltr'>est</span> <span class='ocrx_word' id='word_1_56' title='bbox 1382 548 1621 593; x_wconf 91' lang='lat' dir='ltr'>principium</span> <span class='ocrx_word' id='word_1_57' title='bbox 1639 558 1759 593; x_wconf 93' lang='lat' dir='ltr'>quam</span> <span class='ocrx_word' id='word_1_58' title='bbox 1780 549 1998 585; x_wconf 88' lang='lat' dir='ltr'>conclusio.</span> <span class='ocrx_word' id='word_1_59' title='bbox 2019 557 2034 582; x_wconf 80' lang='lat'>5</span> 
     </span>
     <span class='ocr_line' id='line_1_7' title="bbox 337 606 1999 654; baseline 0.001 -12"><span class='ocrx_word' id='word_1_60' title='bbox 337 606 459 652; x_wconf 88' lang='lat' dir='ltr'>Igitur</span> <span class='ocrx_word' id='word_1_61' title='bbox 484 606 525 642; x_wconf 92' lang='lat' dir='ltr'>in</span> <span class='ocrx_word' id='word_1_62' title='bbox 552 606 619 642; x_wconf 89' lang='lat' dir='ltr'>via</span> <span class='ocrx_word' id='word_1_63' title='bbox 644 606 714 642; x_wconf 94' lang='lat' dir='ltr'>lux</span> <span class='ocrx_word' id='word_1_64' title='bbox 734 607 906 643; x_wconf 89' lang='lat' dir='ltr'>aeterna</span> <span class='ocrx_word' id='word_1_65' title='bbox 925 617 1007 643; x_wconf 93' lang='lat' dir='ltr'>non</span> <span class='ocrx_word' id='word_1_66' title='bbox 1027 607 1234 652; x_wconf 87' lang='lat' dir='ltr'>attingitur</span> <span class='ocrx_word' id='word_1_67' title='bbox 1254 607 1333 643; x_wconf 92' lang='lat' dir='ltr'>nisi</span> <span class='ocrx_word' id='word_1_68' title='bbox 1352 607 1506 643; x_wconf 87' lang='lat' dir='ltr'>tantum</span> <span class='ocrx_word' id='word_1_69' title='bbox 1527 608 1569 643; x_wconf 91' lang='lat' dir='ltr'>ut</span> <span class='ocrx_word' id='word_1_70' title='bbox 1588 607 1690 643; x_wconf 88' lang='lat' dir='ltr'>ratio</span> <span class='ocrx_word' id='word_1_71' title='bbox 1712 608 1999 654; x_wconf 88' lang='lat' dir='ltr'>cognoscendi.</span> 
     </span>
     <span class='ocr_line' id='line_1_8' title="bbox 337 664 1999 711; baseline 0.001 -10"><span class='ocrx_word' id='word_1_72' title='bbox 337 664 454 700; x_wconf 92' lang='lat' dir='ltr'>Unde</span> <span class='ocrx_word' id='word_1_73' title='bbox 482 674 565 701; x_wconf 91' lang='lat' dir='ltr'>non</span> <span class='ocrx_word' id='word_1_74' title='bbox 591 665 631 701; x_wconf 93' lang='lat' dir='ltr'>in</span> <span class='ocrx_word' id='word_1_75' title='bbox 657 665 748 711; x_wconf 88' lang='lat' dir='ltr'>ipsa</span> <span class='ocrx_word' id='word_1_76' title='bbox 773 665 905 711; x_wconf 90' lang='lat' dir='ltr'>agitur</span> <span class='ocrx_word' id='word_1_77' title='bbox 930 666 1033 702; x_wconf 87' lang='lat' dir='ltr'>ratio</span> <span class='ocrx_word' id='word_1_78' title='bbox 1060 666 1268 707; x_wconf 86' lang='lat' dir='ltr'>&lt;obiecti,&gt;</span> <span class='ocrx_word' id='word_1_79' title='bbox 1295 666 1369 702; x_wconf 89' lang='lat' dir='ltr'>sed</span> <span class='ocrx_word' id='word_1_80' title='bbox 1396 665 1552 702; x_wconf 89' lang='lat' dir='ltr'>ducitur</span> <span class='ocrx_word' id='word_1_81' title='bbox 1577 675 1650 711; x_wconf 92' lang='lat' dir='ltr'>per</span> <span class='ocrx_word' id='word_1_82' title='bbox 1675 666 1804 711; x_wconf 83' lang='lat' dir='ltr'>ipsam</span> <span class='ocrx_word' id='word_1_83' title='bbox 1837 668 1887 703; x_wconf 91' lang='lat' dir='ltr'>ad</span> <span class='ocrx_word' id='word_1_84' title='bbox 1913 676 1999 703; x_wconf 89' lang='lat' dir='ltr'>rem</span> 
     </span>
     <span class='ocr_line' id='line_1_9' title="bbox 338 723 2001 771; baseline 0.002 -12"><span class='ocrx_word' id='word_1_85' title='bbox 338 723 554 769; x_wconf 83' lang='lat' dir='ltr'>cognitam.</span> <span class='ocrx_word' id='word_1_86' title='bbox 604 724 648 760; x_wconf 90' lang='lat' dir='ltr'>In</span> <span class='ocrx_word' id='word_1_87' title='bbox 674 725 869 769; x_wconf 91' lang='lat' dir='ltr'>quantum</span> <span class='ocrx_word' id='word_1_88' title='bbox 895 726 1031 761; x_wconf 85' lang='lat' dir='ltr'>autem</span> <span class='ocrx_word' id='word_1_89' title='bbox 1057 725 1171 764; x_wconf 87' lang='lat' dir='ltr'>ratio,</span> <span class='ocrx_word' id='word_1_90' title='bbox 1210 725 1344 761; x_wconf 91' lang='lat' dir='ltr'>notior</span> <span class='ocrx_word' id='word_1_91' title='bbox 1379 726 1451 765; x_wconf 82' lang='lat' dir='ltr'>est,</span> <span class='ocrx_word' id='word_1_92' title='bbox 1490 725 1611 761; x_wconf 91' lang='lat' dir='ltr'>immo</span> <span class='ocrx_word' id='word_1_93' title='bbox 1647 725 1869 767; x_wconf 88' lang='lat' dir='ltr'>notissima,</span> <span class='ocrx_word' id='word_1_94' title='bbox 1907 726 2001 771; x_wconf 89' lang='lat' dir='ltr'>quia</span> 
     </span>
     <span class='ocr_line' id='line_1_10' title="bbox 339 783 1999 831; baseline 0.002 -13"><span class='ocrx_word' id='word_1_95' title='bbox 339 783 732 828; x_wconf 88' lang='lat' dir='ltr'>praesentialissima</span> <span class='ocrx_word' id='word_1_96' title='bbox 765 784 805 819; x_wconf 94' lang='lat' dir='ltr'>et</span> <span class='ocrx_word' id='word_1_97' title='bbox 842 783 982 820; x_wconf 87' lang='lat' dir='ltr'>intima</span> <span class='ocrx_word' id='word_1_98' title='bbox 1025 784 1149 820; x_wconf 90' lang='lat' dir='ltr'>menti</span> <span class='ocrx_word' id='word_1_99' title='bbox 1193 784 1469 829; x_wconf 85' lang='lat' dir='ltr'>cognoscenti.</span> <span class='ocrx_word' id='word_1_100' title='bbox 1531 784 1647 820; x_wconf 92' lang='lat' dir='ltr'>Unde</span> <span class='ocrx_word' id='word_1_101' title='bbox 1687 784 1999 831; x_wconf 83' lang='lat' dir='ltr'>Augustinus,</span> 
     </span>
    </p>
   </div>
   <div class='ocr_carea' id='block_1_3' title="bbox 337 841 2052 889">
    <p class='ocr_par' dir='ltr' id='par_1_3' title="bbox 337 841 2052 889">
     <span class='ocr_line' id='line_1_11' title="bbox 337 841 2052 889; baseline 0.002 -12"><span class='ocrx_word' id='word_1_102' title='bbox 337 841 432 877; x_wconf 92' lang='lat' dir='ltr'>VIII.</span> <span class='ocrx_word' id='word_1_103' title='bbox 461 842 518 877; x_wconf 81' lang='lat' dir='ltr'>De</span> <span class='ocrx_word' id='word_1_104' title='bbox 549 842 750 878; x_wconf 75' lang='lat' dir='ltr'>Trinitate</span> <span class='ocrx_word' id='word_1_105' title='bbox 783 852 868 888; x_wconf 89' lang='lat' dir='ltr'>cap.</span> <span class='ocrx_word' id='word_1_106' title='bbox 895 844 960 879; x_wconf 83' lang='lat'>82:</span> <span class='ocrx_word' id='word_1_107' title='bbox 1012 842 1239 885; x_wconf 93' lang='lat' dir='ltr'>„Notiorem</span> <span class='ocrx_word' id='word_1_108' title='bbox 1265 844 1419 888; x_wconf 84' lang='lat' dir='ltr'>patrem</span> <span class='ocrx_word' id='word_1_109' title='bbox 1448 844 1597 879; x_wconf 91' lang='lat' dir='ltr'>habere</span> <span class='ocrx_word' id='word_1_110' title='bbox 1626 843 1753 880; x_wconf 92' lang='lat' dir='ltr'>Deum</span> <span class='ocrx_word' id='word_1_111' title='bbox 1781 854 1900 889; x_wconf 89' lang='lat' dir='ltr'>quam</span> <span class='ocrx_word' id='word_1_112' title='bbox 1925 844 2052 881; x_wconf 79' lang='lat' dir='ltr'>fra-10</span> 
     </span>
    </p>
   </div>
   <div class='ocr_carea' id='block_1_4' title="bbox 337 901 2002 1126">
    <p class='ocr_par' dir='ltr' id='par_1_4' title="bbox 337 901 2002 1126">
     <span class='ocr_line' id='line_1_12' title="bbox 338 901 1999 947; baseline 0.002 -11"><span class='ocrx_word' id='word_1_113' title='bbox 338 902 451 943; x_wconf 90' lang='lat' dir='ltr'>trem,</span> <span class='ocrx_word' id='word_1_114' title='bbox 468 901 568 945; x_wconf 69' lang='lat' dir='ltr'>&#39;quia</span> <span class='ocrx_word' id='word_1_115' title='bbox 587 902 924 946; x_wconf 82' lang='lat' dir='ltr'>praesentiorem,</span> <span class='ocrx_word' id='word_1_116' title='bbox 954 902 1048 947; x_wconf 88' lang='lat' dir='ltr'>quia</span> <span class='ocrx_word' id='word_1_117' title='bbox 1067 902 1313 944; x_wconf 89' lang='lat' dir='ltr'>interiorem,</span> <span class='ocrx_word' id='word_1_118' title='bbox 1335 902 1428 947; x_wconf 90' lang='lat' dir='ltr'>quia</span> <span class='ocrx_word' id='word_1_119' title='bbox 1448 903 1696 939; x_wconf 86' lang='lat' dir='ltr'>certiorem.“</span> <span class='ocrx_word' id='word_1_120' title='bbox 1729 902 1776 938; x_wconf 89' lang='lat' dir='ltr'>Et</span> <span class='ocrx_word' id='word_1_121' title='bbox 1794 903 1828 939; x_wconf 90' lang='lat' dir='ltr'>si</span> <span class='ocrx_word' id='word_1_122' title='bbox 1848 903 1999 940; x_wconf 89' lang='lat' dir='ltr'>obicias</span> 
     </span>
     <span class='ocr_line' id='line_1_13' title="bbox 338 959 1999 1008; baseline 0.002 -13"><span class='ocrx_word' id='word_1_123' title='bbox 338 960 445 1004; x_wconf 91' lang='lat' dir='ltr'>quod</span> <span class='ocrx_word' id='word_1_124' title='bbox 472 960 582 1004; x_wconf 89' lang='lat' dir='ltr'>prius</span> <span class='ocrx_word' id='word_1_125' title='bbox 611 961 872 1006; x_wconf 87' lang='lat' dir='ltr'>cognoscitur</span> <span class='ocrx_word' id='word_1_126' title='bbox 909 961 1059 1006; x_wconf 88' lang='lat' dir='ltr'>aliquid</span> <span class='ocrx_word' id='word_1_127' title='bbox 1097 962 1283 998; x_wconf 89' lang='lat' dir='ltr'>absolute</span> <span class='ocrx_word' id='word_1_128' title='bbox 1323 971 1443 1006; x_wconf 90' lang='lat' dir='ltr'>quam</span> <span class='ocrx_word' id='word_1_129' title='bbox 1480 962 1725 1006; x_wconf 90' lang='lat' dir='ltr'>comparate,</span> <span class='ocrx_word' id='word_1_130' title='bbox 1765 959 1873 998; x_wconf 74' lang='lat' dir='ltr'>dico&#39;</span> <span class='ocrx_word' id='word_1_131' title='bbox 1893 964 1999 1008; x_wconf 88' lang='lat' dir='ltr'>quod</span> 
     </span>
     <span class='ocr_line' id='line_1_14' title="bbox 337 1016 2002 1067; baseline 0.002 -13"><span class='ocrx_word' id='word_1_132' title='bbox 337 1028 479 1055; x_wconf 90' lang='lat' dir='ltr'>verum</span> <span class='ocrx_word' id='word_1_133' title='bbox 500 1020 563 1055; x_wconf 92' lang='lat' dir='ltr'>est</span> <span class='ocrx_word' id='word_1_134' title='bbox 583 1020 623 1055; x_wconf 93' lang='lat' dir='ltr'>in</span> <span class='ocrx_word' id='word_1_135' title='bbox 645 1016 878 1066; x_wconf 85' lang='lat' dir='ltr'>cognitione</span> <span class='ocrx_word' id='word_1_136' title='bbox 901 1020 1126 1065; x_wconf 91' lang='lat' dir='ltr'>composita</span> <span class='ocrx_word' id='word_1_137' title='bbox 1147 1022 1187 1056; x_wconf 87' lang='lat' dir='ltr'>et</span> <span class='ocrx_word' id='word_1_138' title='bbox 1207 1020 1406 1061; x_wconf 86' lang='lat' dir='ltr'>collativa,</span> <span class='ocrx_word' id='word_1_139' title='bbox 1432 1021 1535 1057; x_wconf 92' lang='lat' dir='ltr'>sicut</span> <span class='ocrx_word' id='word_1_140' title='bbox 1559 1021 1720 1066; x_wconf 85' lang='lat' dir='ltr'>quando</span> <span class='ocrx_word' id='word_1_141' title='bbox 1742 1021 2002 1067; x_wconf 88' lang='lat' dir='ltr'>cognoscitur</span> 
     </span>
     <span class='ocr_line' id='line_1_15' title="bbox 337 1078 2002 1126; baseline 0.002 -13"><span class='ocrx_word' id='word_1_142' title='bbox 337 1078 600 1124; x_wconf 89' lang='lat' dir='ltr'>imaginatum</span> <span class='ocrx_word' id='word_1_143' title='bbox 618 1088 692 1124; x_wconf 90' lang='lat' dir='ltr'>per</span> <span class='ocrx_word' id='word_1_144' title='bbox 711 1078 941 1125; x_wconf 82' lang='lat' dir='ltr'>imaginem,</span> <span class='ocrx_word' id='word_1_145' title='bbox 968 1089 1051 1115; x_wconf 91' lang='lat' dir='ltr'>non</span> <span class='ocrx_word' id='word_1_146' title='bbox 1071 1080 1206 1116; x_wconf 89' lang='lat' dir='ltr'>autem</span> <span class='ocrx_word' id='word_1_147' title='bbox 1229 1079 1269 1115; x_wconf 92' lang='lat' dir='ltr'>in</span> <span class='ocrx_word' id='word_1_148' title='bbox 1297 1079 1529 1125; x_wconf 90' lang='lat' dir='ltr'>cognitione</span> <span class='ocrx_word' id='word_1_149' title='bbox 1557 1080 1737 1125; x_wconf 91' lang='lat' dir='ltr'>simplici.</span> <span class='ocrx_word' id='word_1_150' title='bbox 1763 1080 2002 1126; x_wconf 85' lang='lat' dir='ltr'>Exemplum</span> 
     </span>
    </p>
   </div>
   <div class='ocr_carea' id='block_1_5' title="bbox 336 1136 2053 1184">
    <p class='ocr_par' dir='ltr' id='par_1_5' title="bbox 336 1136 2053 1184">
     <span class='ocr_line' id='line_1_16' title="bbox 336 1136 2053 1184; baseline 0.002 -11"><span class='ocrx_word' id='word_1_151' title='bbox 336 1136 377 1173; x_wconf 91' lang='lat' dir='ltr'>in</span> <span class='ocrx_word' id='word_1_152' title='bbox 404 1137 554 1178; x_wconf 91' lang='lat' dir='ltr'>colore,</span> <span class='ocrx_word' id='word_1_153' title='bbox 581 1137 649 1182; x_wconf 92' lang='lat' dir='ltr'>qui</span> <span class='ocrx_word' id='word_1_154' title='bbox 676 1138 937 1184; x_wconf 80' lang='lat' dir='ltr'>cognoscitur</span> <span class='ocrx_word' id='word_1_155' title='bbox 962 1148 1036 1183; x_wconf 90' lang='lat' dir='ltr'>per</span> <span class='ocrx_word' id='word_1_156' title='bbox 1063 1138 1254 1184; x_wconf 91' lang='lat' dir='ltr'>speciem.</span> <span class='ocrx_word' id='word_1_157' title='bbox 2022 1145 2053 1171; x_wconf 82' lang='grc'>15</span> 
     </span>
    </p>
   </div>
   <div class='ocr_carea' id='block_1_6' title="bbox 319 1196 2035 1717">
    <p class='ocr_par' dir='ltr' id='par_1_6' title="bbox 319 1196 2035 1658">
     <span class='ocr_line' id='line_1_17' title="bbox 477 1196 2000 1243; baseline 0.001 -11"><span class='ocrx_word' id='word_1_158' title='bbox 477 1198 530 1232; x_wconf 88' lang='grc'>17.</span> <span class='ocrx_word' id='word_1_159' title='bbox 570 1196 632 1232; x_wconf 90' lang='lat' dir='ltr'>Ad</span> <span class='ocrx_word' id='word_1_160' title='bbox 671 1198 831 1233; x_wconf 89' lang='lat' dir='ltr'>sextum</span> <span class='ocrx_word' id='word_1_161' title='bbox 871 1197 1087 1234; x_wconf 87' lang='lat' dir='ltr'>dicendum</span> <span class='ocrx_word' id='word_1_162' title='bbox 1133 1197 1241 1243; x_wconf 92' lang='lat' dir='ltr'>quod</span> <span class='ocrx_word' id='word_1_163' title='bbox 1278 1207 1360 1234; x_wconf 91' lang='lat' dir='ltr'>non</span> <span class='ocrx_word' id='word_1_164' title='bbox 1400 1199 1463 1234; x_wconf 89' lang='lat' dir='ltr'>est</span> <span class='ocrx_word' id='word_1_165' title='bbox 1500 1198 1796 1235; x_wconf 90' lang='lat' dir='ltr'>inconveniens</span> <span class='ocrx_word' id='word_1_166' title='bbox 1836 1208 2000 1234; x_wconf 88' lang='lat' dir='ltr'>causam</span> 
     </span>
     <span class='ocr_line' id='line_1_18' title="bbox 338 1255 2000 1303; baseline 0.002 -13"><span class='ocrx_word' id='word_1_167' title='bbox 338 1255 534 1300; x_wconf 88' lang='lat' dir='ltr'>cognosci</span> <span class='ocrx_word' id='word_1_168' title='bbox 560 1265 633 1300; x_wconf 92' lang='lat' dir='ltr'>per</span> <span class='ocrx_word' id='word_1_169' title='bbox 661 1256 851 1292; x_wconf 79' lang='lat' dir='ltr'>effectum</span> <span class='ocrx_word' id='word_1_170' title='bbox 879 1258 919 1292; x_wconf 93' lang='lat' dir='ltr'>et</span> <span class='ocrx_word' id='word_1_171' title='bbox 947 1257 1115 1293; x_wconf 89' lang='lat' dir='ltr'>econtra</span> <span class='ocrx_word' id='word_1_172' title='bbox 1150 1257 1374 1293; x_wconf 88' lang='lat' dir='ltr'>secundum</span> <span class='ocrx_word' id='word_1_173' title='bbox 1409 1257 1613 1293; x_wconf 90' lang='lat' dir='ltr'>diversum</span> <span class='ocrx_word' id='word_1_174' title='bbox 1653 1258 1814 1294; x_wconf 91' lang='lat' dir='ltr'>modum</span> <span class='ocrx_word' id='word_1_175' title='bbox 1853 1266 2000 1303; x_wconf 87' lang='lat' dir='ltr'>cogno-</span> 
     </span>
     <span class='ocr_line' id='line_1_19' title="bbox 319 1314 2001 1363; baseline 0.001 -14"><span class='ocrx_word' id='word_1_176' title='bbox 319 1314 514 1357; x_wconf 44' lang='lat' dir='ltr'>scendi?</span> <span class='ocrx_word' id='word_1_177' title='bbox 564 1314 611 1350; x_wconf 91' lang='lat' dir='ltr'>Et</span> <span class='ocrx_word' id='word_1_178' title='bbox 638 1315 696 1351; x_wconf 89' lang='lat' dir='ltr'>sic</span> <span class='ocrx_word' id='word_1_179' title='bbox 724 1317 787 1351; x_wconf 91' lang='lat' dir='ltr'>est</span> <span class='ocrx_word' id='word_1_180' title='bbox 812 1316 852 1351; x_wconf 89' lang='lat' dir='ltr'>in</span> <span class='ocrx_word' id='word_1_181' title='bbox 879 1316 1100 1361; x_wconf 92' lang='lat' dir='ltr'>proposito,</span> <span class='ocrx_word' id='word_1_182' title='bbox 1138 1316 1328 1361; x_wconf 91' lang='lat' dir='ltr'>quoniam</span> <span class='ocrx_word' id='word_1_183' title='bbox 1353 1316 1422 1352; x_wconf 93' lang='lat' dir='ltr'>lux</span> <span class='ocrx_word' id='word_1_184' title='bbox 1448 1317 1618 1352; x_wconf 87' lang='lat' dir='ltr'>aeterna</span> <span class='ocrx_word' id='word_1_185' title='bbox 1644 1316 1903 1363; x_wconf 88' lang='lat' dir='ltr'>cognoscitur</span> <span class='ocrx_word' id='word_1_186' title='bbox 1928 1325 2001 1361; x_wconf 90' lang='lat' dir='ltr'>per</span> 
     </span>
     <span class='ocr_line' id='line_1_20' title="bbox 338 1373 2001 1420; baseline 0.002 -12"><span class='ocrx_word' id='word_1_187' title='bbox 338 1373 546 1409; x_wconf 87' lang='lat' dir='ltr'>creaturas</span> <span class='ocrx_word' id='word_1_188' title='bbox 583 1374 817 1420; x_wconf 87' lang='lat' dir='ltr'>cognitione</span> <span class='ocrx_word' id='word_1_189' title='bbox 855 1375 1054 1417; x_wconf 83' lang='lat' dir='ltr'>collativa,</span> <span class='ocrx_word' id='word_1_190' title='bbox 1090 1376 1301 1411; x_wconf 83' lang='lat' dir='ltr'>creaturae</span> <span class='ocrx_word' id='word_1_191' title='bbox 1340 1378 1475 1411; x_wconf 87' lang='lat' dir='ltr'>autem</span> <span class='ocrx_word' id='word_1_192' title='bbox 1514 1385 1586 1420; x_wconf 89' lang='lat' dir='ltr'>per</span> <span class='ocrx_word' id='word_1_193' title='bbox 1624 1376 1753 1412; x_wconf 89' lang='lat' dir='ltr'>lucem</span> <span class='ocrx_word' id='word_1_194' title='bbox 1791 1376 2001 1412; x_wconf 86' lang='lat' dir='ltr'>aeternam</span> 
     </span>
     <span class='ocr_line' id='line_1_21' title="bbox 338 1432 2035 1480; baseline 0.002 -13"><span class='ocrx_word' id='word_1_195' title='bbox 338 1432 572 1477; x_wconf 89' lang='lat' dir='ltr'>cognitione</span> <span class='ocrx_word' id='word_1_196' title='bbox 601 1433 773 1478; x_wconf 89' lang='lat' dir='ltr'>simplici</span> <span class='ocrx_word' id='word_1_197' title='bbox 794 1436 834 1469; x_wconf 91' lang='lat' dir='ltr'>et</span> <span class='ocrx_word' id='word_1_198' title='bbox 854 1434 971 1478; x_wconf 89' lang='lat' dir='ltr'>quasi</span> <span class='ocrx_word' id='word_1_199' title='bbox 992 1434 1267 1470; x_wconf 79' lang='lat' dir='ltr'>certificativa.</span> <span class='ocrx_word' id='word_1_200' title='bbox 1305 1434 1422 1471; x_wconf 90' lang='lat' dir='ltr'>Unde</span> <span class='ocrx_word' id='word_1_201' title='bbox 1443 1435 1762 1480; x_wconf 88' lang='lat' dir='ltr'>Augustinus,</span> <span class='ocrx_word' id='word_1_202' title='bbox 1787 1434 1845 1471; x_wconf 81' lang='lat' dir='ltr'>De</span> <span class='ocrx_word' id='word_1_203' title='bbox 1870 1434 2000 1471; x_wconf 78' lang='lat' dir='ltr'>Trini-</span> <span class='ocrx_word' id='word_1_204' title='bbox 2020 1446 2035 1470; x_wconf 65' lang='grc' dir='ltr'>ι»</span> 
     </span>
     <span class='ocr_line' id='line_1_22' title="bbox 338 1491 2000 1539; baseline 0.002 -13"><span class='ocrx_word' id='word_1_205' title='bbox 338 1493 420 1527; x_wconf 74' lang='lat' dir='ltr'>tate</span> <span class='ocrx_word' id='word_1_206' title='bbox 440 1491 519 1532; x_wconf 87' lang='lat' dir='ltr'>XII,</span> <span class='ocrx_word' id='word_1_207' title='bbox 546 1502 632 1537; x_wconf 90' lang='lat' dir='ltr'>cap.</span> <span class='ocrx_word' id='word_1_208' title='bbox 655 1494 741 1529; x_wconf 80' lang='lat'>14⁴:</span> <span class='ocrx_word' id='word_1_209' title='bbox 782 1492 902 1536; x_wconf 82' lang='lat' dir='ltr'>„Cum</span> <span class='ocrx_word' id='word_1_210' title='bbox 941 1494 1186 1538; x_wconf 87' lang='lat' dir='ltr'>pervenitur,</span> <span class='ocrx_word' id='word_1_211' title='bbox 1225 1495 1418 1539; x_wconf 86' lang='lat' dir='ltr'>quantum</span> <span class='ocrx_word' id='word_1_212' title='bbox 1455 1494 1546 1530; x_wconf 80' lang='lat' dir='ltr'>fieri</span> <span class='ocrx_word' id='word_1_213' title='bbox 1571 1496 1716 1539; x_wconf 81' lang='lat' dir='ltr'>potest.</span> <span class='ocrx_word' id='word_1_214' title='bbox 1743 1494 1794 1530; x_wconf 91' lang='lat' dir='ltr'>ad</span> <span class='ocrx_word' id='word_1_215' title='bbox 1819 1493 2000 1530; x_wconf 79' lang='lat' dir='ltr'>rationes</span> 
     </span>
     <span class='ocr_line' id='line_1_23' title="bbox 337 1550 2002 1598; baseline 0.001 -12"><span class='ocrx_word' id='word_1_216' title='bbox 337 1550 702 1593; x_wconf 89' lang='lat' dir='ltr'>incommutabiles,</span> <span class='ocrx_word' id='word_1_217' title='bbox 729 1562 813 1588; x_wconf 92' lang='lat' dir='ltr'>non</span> <span class='ocrx_word' id='word_1_218' title='bbox 839 1552 879 1587; x_wconf 90' lang='lat' dir='ltr'>in</span> <span class='ocrx_word' id='word_1_219' title='bbox 907 1552 965 1588; x_wconf 92' lang='lat' dir='ltr'>eis</span> <span class='ocrx_word' id='word_1_220' title='bbox 994 1554 1131 1589; x_wconf 88' lang='lat' dir='ltr'>manet</span> <span class='ocrx_word' id='word_1_221' title='bbox 1156 1553 1245 1598; x_wconf 89' lang='lat' dir='ltr'>ipse</span> <span class='ocrx_word' id='word_1_222' title='bbox 1272 1555 1502 1597; x_wconf 86' lang='lat' dir='ltr'>perventor,</span> <span class='ocrx_word' id='word_1_223' title='bbox 1530 1554 1603 1590; x_wconf 92' lang='lat' dir='ltr'>sed</span> <span class='ocrx_word' id='word_1_224' title='bbox 1625 1553 1749 1589; x_wconf 85' lang='lat' dir='ltr'>veluti</span> <span class='ocrx_word' id='word_1_225' title='bbox 1775 1552 1886 1589; x_wconf 88' lang='lat' dir='ltr'>acies</span> <span class='ocrx_word' id='word_1_226' title='bbox 1912 1552 2002 1597; x_wconf 83' lang='lat' dir='ltr'>ipsa</span> 
     </span>
     <span class='ocr_line' id='line_1_24' title="bbox 336 1611 1952 1658; baseline 0.001 -13"><span class='ocrx_word' id='word_1_227' title='bbox 336 1611 604 1647; x_wconf 89' lang='lat' dir='ltr'>reverberata</span> <span class='ocrx_word' id='word_1_228' title='bbox 628 1611 848 1656; x_wconf 90' lang='lat' dir='ltr'>repellitur,</span> <span class='ocrx_word' id='word_1_229' title='bbox 877 1613 916 1647; x_wconf 88' lang='lat' dir='ltr'>et</span> <span class='ocrx_word' id='word_1_230' title='bbox 941 1611 986 1647; x_wconf 81' lang='lat' dir='ltr'>iit</span> <span class='ocrx_word' id='word_1_231' title='bbox 1010 1612 1070 1648; x_wconf 91' lang='lat' dir='ltr'>rei</span> <span class='ocrx_word' id='word_1_232' title='bbox 1096 1622 1178 1648; x_wconf 92' lang='lat' dir='ltr'>non</span> <span class='ocrx_word' id='word_1_233' title='bbox 1204 1612 1463 1648; x_wconf 87' lang='lat' dir='ltr'>transitoriae</span> <span class='ocrx_word' id='word_1_234' title='bbox 1490 1612 1723 1649; x_wconf 86' lang='lat' dir='ltr'>transitoria</span> <span class='ocrx_word' id='word_1_235' title='bbox 1743 1611 1952 1658; x_wconf 83' lang='lat' dir='ltr'>cognitio.“</span> 
     </span>
    </p>

    <p class='ocr_par' dir='ltr' id='par_1_7' title="bbox 478 1669 2000 1717">
     <span class='ocr_line' id='line_1_25' title="bbox 478 1669 2000 1717; baseline 0.001 -12"><span class='ocrx_word' id='word_1_236' title='bbox 478 1670 531 1705; x_wconf 85' lang='lat'>18.</span> <span class='ocrx_word' id='word_1_237' title='bbox 569 1669 632 1706; x_wconf 92' lang='lat' dir='ltr'>Ad</span> <span class='ocrx_word' id='word_1_238' title='bbox 667 1670 883 1715; x_wconf 90' lang='lat' dir='ltr'>septimum</span> <span class='ocrx_word' id='word_1_239' title='bbox 920 1671 1135 1707; x_wconf 91' lang='lat' dir='ltr'>dicendum</span> <span class='ocrx_word' id='word_1_240' title='bbox 1162 1671 1268 1716; x_wconf 91' lang='lat' dir='ltr'>quod</span> <span class='ocrx_word' id='word_1_241' title='bbox 1295 1671 1334 1707; x_wconf 91' lang='lat' dir='ltr'>in</span> <span class='ocrx_word' id='word_1_242' title='bbox 1362 1671 1596 1717; x_wconf 88' lang='lat' dir='ltr'>cognitione</span> <span class='ocrx_word' id='word_1_243' title='bbox 1623 1671 1804 1707; x_wconf 87' lang='lat' dir='ltr'>veritatis</span> <span class='ocrx_word' id='word_1_244' title='bbox 1832 1670 2000 1707; x_wconf 88' lang='lat' dir='ltr'>alicuius</span> 
     </span>
    </p>
   </div>
   <div class='ocr_carea' id='block_1_7' title="bbox 337 1728 2053 1775">
    <p class='ocr_par' dir='ltr' id='par_1_8' title="bbox 337 1728 2053 1775">
     <span class='ocr_line' id='line_1_26' title="bbox 337 1728 2053 1775; baseline 0.001 -11"><span class='ocrx_word' id='word_1_245' title='bbox 337 1728 630 1773; x_wconf 86' lang='lat' dir='ltr'>propositionis</span> <span class='ocrx_word' id='word_1_246' title='bbox 658 1729 897 1766; x_wconf 86' lang='lat' dir='ltr'>necessarie</span> <span class='ocrx_word' id='word_1_247' title='bbox 925 1730 1004 1766; x_wconf 93' lang='lat' dir='ltr'>duo</span> <span class='ocrx_word' id='word_1_248' title='bbox 1033 1730 1144 1766; x_wconf 85' lang='lat' dir='ltr'>sunt:</span> <span class='ocrx_word' id='word_1_249' title='bbox 1182 1730 1333 1775; x_wconf 89' lang='lat' dir='ltr'>aliquid</span> <span class='ocrx_word' id='word_1_250' title='bbox 1360 1730 1463 1766; x_wconf 91' lang='lat' dir='ltr'>sicut</span> <span class='ocrx_word' id='word_1_251' title='bbox 1490 1731 1710 1771; x_wconf 87' lang='lat' dir='ltr'>materiale,</span> <span class='ocrx_word' id='word_1_252' title='bbox 1749 1731 1791 1765; x_wconf 90' lang='lat' dir='ltr'>ut</span> <span class='ocrx_word' id='word_1_253' title='bbox 1817 1731 2002 1766; x_wconf 86' lang='lat' dir='ltr'>extrema</span> <span class='ocrx_word' id='word_1_254' title='bbox 2020 1744 2053 1770; x_wconf 77' lang='lat'>25</span> 
     </span>
    </p>
   </div>
   <div class='ocr_carea' id='block_1_8' title="bbox 336 1787 2001 2010">
    <p class='ocr_par' dir='ltr' id='par_1_9' title="bbox 336 1787 2001 2010">
     <span class='ocr_line' id='line_1_27' title="bbox 338 1787 2000 1834; baseline 0.001 -11"><span class='ocrx_word' id='word_1_255' title='bbox 338 1788 378 1822; x_wconf 93' lang='lat' dir='ltr'>et</span> <span class='ocrx_word' id='word_1_256' title='bbox 404 1787 647 1832; x_wconf 89' lang='lat' dir='ltr'>compositio</span> <span class='ocrx_word' id='word_1_257' title='bbox 676 1797 816 1824; x_wconf 88' lang='lat' dir='ltr'>eorum</span> <span class='ocrx_word' id='word_1_258' title='bbox 843 1811 886 1814; x_wconf 97' lang='lat'><strong>—</strong></span> <span class='ocrx_word' id='word_1_259' title='bbox 915 1791 954 1824; x_wconf 89' lang='lat' dir='ltr'>et</span> <span class='ocrx_word' id='word_1_260' title='bbox 981 1788 1075 1824; x_wconf 93' lang='lat' dir='ltr'>illud</span> <span class='ocrx_word' id='word_1_261' title='bbox 1111 1790 1174 1825; x_wconf 90' lang='lat' dir='ltr'>est</span> <span class='ocrx_word' id='word_1_262' title='bbox 1200 1789 1250 1825; x_wconf 87' lang='lat' dir='ltr'>ab</span> <span class='ocrx_word' id='word_1_263' title='bbox 1287 1789 1525 1834; x_wconf 85' lang='lat' dir='ltr'>operatione</span> <span class='ocrx_word' id='word_1_264' title='bbox 1564 1789 1812 1832; x_wconf 87' lang='lat' dir='ltr'>intellectus;</span> <span class='ocrx_word' id='word_1_265' title='bbox 1851 1789 2000 1834; x_wconf 87' lang='lat' dir='ltr'>aliquid</span> 
     </span>
     <span class='ocr_line' id='line_1_28' title="bbox 337 1846 2001 1893; baseline 0.002 -12"><span class='ocrx_word' id='word_1_266' title='bbox 337 1846 401 1882; x_wconf 91' lang='lat' dir='ltr'>est</span> <span class='ocrx_word' id='word_1_267' title='bbox 427 1846 544 1891; x_wconf 88' lang='lat' dir='ltr'>quasi</span> <span class='ocrx_word' id='word_1_268' title='bbox 569 1846 751 1887; x_wconf 78' lang='lat' dir='ltr'>formale,</span> <span class='ocrx_word' id='word_1_269' title='bbox 780 1847 935 1884; x_wconf 90' lang='lat' dir='ltr'>scilicet</span> <span class='ocrx_word' id='word_1_270' title='bbox 961 1847 1112 1884; x_wconf 88' lang='lat' dir='ltr'>veritas</span> <span class='ocrx_word' id='word_1_271' title='bbox 1139 1847 1430 1893; x_wconf 88' lang='lat' dir='ltr'>propositionis</span> <span class='ocrx_word' id='word_1_272' title='bbox 1451 1871 1494 1874; x_wconf 90' lang='lat'><em>-</em></span> <span class='ocrx_word' id='word_1_273' title='bbox 1516 1849 1556 1884; x_wconf 90' lang='lat' dir='ltr'>et</span> <span class='ocrx_word' id='word_1_274' title='bbox 1575 1848 1642 1884; x_wconf 92' lang='lat' dir='ltr'>illa</span> <span class='ocrx_word' id='word_1_275' title='bbox 1662 1848 1837 1893; x_wconf 90' lang='lat' dir='ltr'>carpitur</span> <span class='ocrx_word' id='word_1_276' title='bbox 1863 1858 1887 1884; x_wconf 91' lang='lat' dir='ltr'>a</span> <span class='ocrx_word' id='word_1_277' title='bbox 1911 1848 2001 1884; x_wconf 79' lang='lat' dir='ltr'>luce</span> 
     </span>
     <span class='ocr_line' id='line_1_29' title="bbox 337 1905 2001 1952; baseline 0.002 -12"><span class='ocrx_word' id='word_1_278' title='bbox 337 1905 519 1941; x_wconf 90' lang='lat' dir='ltr'>aeterna.</span> <span class='ocrx_word' id='word_1_279' title='bbox 570 1905 688 1942; x_wconf 88' lang='lat' dir='ltr'>Unde</span> <span class='ocrx_word' id='word_1_280' title='bbox 724 1906 1047 1952; x_wconf 87' lang='lat' dir='ltr'>Augustinus,</span> <span class='ocrx_word' id='word_1_281' title='bbox 1083 1906 1160 1942; x_wconf 89' lang='grc' dir='ltr'>ΧΠ.</span> <span class='ocrx_word' id='word_1_282' title='bbox 1201 1906 1257 1942; x_wconf 81' lang='lat' dir='ltr'>De</span> <span class='ocrx_word' id='word_1_283' title='bbox 1296 1907 1495 1943; x_wconf 72' lang='lat' dir='ltr'>Trinitate</span> <span class='ocrx_word' id='word_1_284' title='bbox 1533 1916 1619 1952; x_wconf 87' lang='lat' dir='ltr'>cap.</span> <span class='ocrx_word' id='word_1_285' title='bbox 1647 1908 1733 1943; x_wconf 72' lang='lat'>145:</span> <span class='ocrx_word' id='word_1_286' title='bbox 1773 1906 1911 1950; x_wconf 86' lang='lat' dir='ltr'>„Quod</span> <span class='ocrx_word' id='word_1_287' title='bbox 1950 1907 2001 1943; x_wconf 89' lang='lat' dir='ltr'>de</span> 
     </span>
     <span class='ocr_line' id='line_1_30' title="bbox 336 1964 2000 2010; baseline 0.002 -11"><span class='ocrx_word' id='word_1_288' title='bbox 336 1964 487 2009; x_wconf 89' lang='lat' dir='ltr'>regulis</span> <span class='ocrx_word' id='word_1_289' title='bbox 514 1964 911 2001; x_wconf 84' lang='lat' dir='ltr'>incommutabilibus</span> <span class='ocrx_word' id='word_1_290' title='bbox 944 1965 1123 2010; x_wconf 82' lang='lat' dir='ltr'>rapuerit</span> <span class='ocrx_word' id='word_1_291' title='bbox 1158 1966 1341 2010; x_wconf 87' lang='lat' dir='ltr'>quamvis</span> <span class='ocrx_word' id='word_1_292' title='bbox 1380 1966 1585 2002; x_wconf 88' lang='lat' dir='ltr'>transiens</span> <span class='ocrx_word' id='word_1_293' title='bbox 1624 1966 1771 2002; x_wconf 90' lang='lat' dir='ltr'>mentis</span> <span class='ocrx_word' id='word_1_294' title='bbox 1810 1966 2000 2010; x_wconf 86' lang='lat' dir='ltr'>aspectus</span> 
     </span>
    </p>
   </div>
   <div class='ocr_carea' id='block_1_9' title="bbox 337 2023 2054 2070">
    <p class='ocr_par' dir='ltr' id='par_1_10' title="bbox 337 2023 2054 2070">
     <span class='ocr_line' id='line_1_31' title="bbox 337 2023 2054 2070; baseline 0.002 -12"><span class='ocrx_word' id='word_1_295' title='bbox 337 2023 378 2058; x_wconf 87' lang='lat' dir='ltr'>et</span> <span class='ocrx_word' id='word_1_296' title='bbox 404 2023 521 2067; x_wconf 88' lang='lat' dir='ltr'>quasi</span> <span class='ocrx_word' id='word_1_297' title='bbox 546 2023 722 2068; x_wconf 91' lang='lat' dir='ltr'>glutiens</span> <span class='ocrx_word' id='word_1_298' title='bbox 750 2024 790 2059; x_wconf 91' lang='lat' dir='ltr'>in</span> <span class='ocrx_word' id='word_1_299' title='bbox 818 2026 971 2065; x_wconf 89' lang='lat' dir='ltr'>ventre,</span> <span class='ocrx_word' id='word_1_300' title='bbox 999 2024 1038 2060; x_wconf 89' lang='lat' dir='ltr'>id</span> <span class='ocrx_word' id='word_1_301' title='bbox 1065 2025 1128 2060; x_wconf 90' lang='lat' dir='ltr'>est</span> <span class='ocrx_word' id='word_1_302' title='bbox 1153 2024 1193 2060; x_wconf 91' lang='lat' dir='ltr'>in</span> <span class='ocrx_word' id='word_1_303' title='bbox 1219 2024 1415 2060; x_wconf 87' lang='lat' dir='ltr'>memoria</span> <span class='ocrx_word' id='word_1_304' title='bbox 1434 2025 1675 2069; x_wconf 91' lang='lat' dir='ltr'>reposuerit,</span> <span class='ocrx_word' id='word_1_305' title='bbox 1701 2025 1850 2070; x_wconf 83' lang='lat' dir='ltr'>poterit</span> <span class='ocrx_word' id='word_1_306' title='bbox 1869 2034 2002 2061; x_wconf 87' lang='lat' dir='ltr'>recor·</span> <span class='ocrx_word' id='word_1_307' title='bbox 2020 2039 2054 2063; x_wconf 82' lang='lat'>30</span> 
     </span>
    </p>
   </div>
   <div class='ocr_carea' id='block_1_10' title="bbox 336 2082 2035 2541">
    <p class='ocr_par' dir='ltr' id='par_1_11' title="bbox 336 2082 2035 2541">
     <span class='ocr_line' id='line_1_32' title="bbox 338 2082 2001 2128; baseline 0.002 -11"><span class='ocrx_word' id='word_1_308' title='bbox 338 2082 473 2118; x_wconf 86' lang='lat' dir='ltr'>dando</span> <span class='ocrx_word' id='word_1_309' title='bbox 500 2082 706 2118; x_wconf 90' lang='lat' dir='ltr'>ruminare</span> <span class='ocrx_word' id='word_1_310' title='bbox 735 2084 774 2118; x_wconf 88' lang='lat' dir='ltr'>et</span> <span class='ocrx_word' id='word_1_311' title='bbox 800 2083 841 2118; x_wconf 93' lang='lat' dir='ltr'>in</span> <span class='ocrx_word' id='word_1_312' title='bbox 874 2083 1139 2128; x_wconf 81' lang='lat' dir='ltr'>disciplinam,</span> <span class='ocrx_word' id='word_1_313' title='bbox 1179 2084 1284 2128; x_wconf 91' lang='lat' dir='ltr'>quod</span> <span class='ocrx_word' id='word_1_314' title='bbox 1321 2083 1380 2119; x_wconf 90' lang='lat' dir='ltr'>sic</span> <span class='ocrx_word' id='word_1_315' title='bbox 1415 2083 1608 2125; x_wconf 89' lang='lat' dir='ltr'>didicerit,</span> <span class='ocrx_word' id='word_1_316' title='bbox 1647 2084 1853 2120; x_wconf 87' lang='lat' dir='ltr'>traicere.“</span> <span class='ocrx_word' id='word_1_317' title='bbox 1904 2083 2001 2120; x_wconf 93' lang='lat' dir='ltr'>Illud</span> 
     </span>
     <span class='ocr_line' id='line_1_33' title="bbox 336 2140 2001 2188; baseline 0.002 -13"><span class='ocrx_word' id='word_1_318' title='bbox 336 2140 456 2186; x_wconf 89' lang='lat' dir='ltr'>igitur</span> <span class='ocrx_word' id='word_1_319' title='bbox 483 2142 591 2186; x_wconf 92' lang='lat' dir='ltr'>quod</span> <span class='ocrx_word' id='word_1_320' title='bbox 616 2141 798 2182; x_wconf 81' lang='lat' dir='ltr'>formale,</span> <span class='ocrx_word' id='word_1_321' title='bbox 826 2142 864 2178; x_wconf 94' lang='lat' dir='ltr'>id</span> <span class='ocrx_word' id='word_1_322' title='bbox 894 2143 957 2178; x_wconf 89' lang='lat' dir='ltr'>est</span> <span class='ocrx_word' id='word_1_323' title='bbox 982 2142 1133 2178; x_wconf 87' lang='lat' dir='ltr'>veritas</span> <span class='ocrx_word' id='word_1_324' title='bbox 1163 2142 1478 2183; x_wconf 89' lang='lat' dir='ltr'>enuntiabilium,</span> <span class='ocrx_word' id='word_1_325' title='bbox 1505 2142 1599 2179; x_wconf 90' lang='lat' dir='ltr'>inde</span> <span class='ocrx_word' id='word_1_326' title='bbox 1621 2143 1819 2188; x_wconf 90' lang='lat' dir='ltr'>colligitur</span> <span class='ocrx_word' id='word_1_327' title='bbox 1840 2144 1880 2179; x_wconf 90' lang='lat' dir='ltr'>et</span> <span class='ocrx_word' id='word_1_328' title='bbox 1897 2143 2001 2179; x_wconf 82' lang='lat' dir='ltr'>forte</span> 
     </span>
     <span class='ocr_line' id='line_1_34' title="bbox 337 2200 2002 2242; baseline 0.002 -7"><span class='ocrx_word' id='word_1_329' title='bbox 337 2200 459 2235; x_wconf 89' lang='lat' dir='ltr'>etiam</span> <span class='ocrx_word' id='word_1_330' title='bbox 479 2200 661 2236; x_wconf 90' lang='lat' dir='ltr'>rationes</span> <span class='ocrx_word' id='word_1_331' title='bbox 685 2201 948 2237; x_wconf 90' lang='lat' dir='ltr'>aeternorum</span> <span class='ocrx_word' id='word_1_332' title='bbox 975 2201 1040 2237; x_wconf 89' lang='lat' dir='ltr'>vel</span> <span class='ocrx_word' id='word_1_333' title='bbox 1067 2202 1353 2237; x_wconf 88' lang='lat' dir='ltr'>extremorum.</span> <span class='ocrx_word' id='word_1_334' title='bbox 1390 2201 1437 2237; x_wconf 91' lang='lat' dir='ltr'>Et</span> <span class='ocrx_word' id='word_1_335' title='bbox 1458 2202 1674 2238; x_wconf 91' lang='lat' dir='ltr'>similitudo</span> <span class='ocrx_word' id='word_1_336' title='bbox 1697 2203 1770 2242; x_wconf 91' lang='lat' dir='ltr'>est,</span> <span class='ocrx_word' id='word_1_337' title='bbox 1798 2203 1840 2237; x_wconf 89' lang='lat' dir='ltr'>ut</span> <span class='ocrx_word' id='word_1_338' title='bbox 1865 2202 1916 2238; x_wconf 93' lang='lat' dir='ltr'>de</span> <span class='ocrx_word' id='word_1_339' title='bbox 1942 2211 2002 2238; x_wconf 87' lang='lat' dir='ltr'>ra-</span> 
     </span>
     <span class='ocr_line' id='line_1_35' title="bbox 337 2259 2002 2306; baseline 0.001 -12"><span class='ocrx_word' id='word_1_340' title='bbox 337 2259 515 2295; x_wconf 87' lang='lat' dir='ltr'>tionibus</span> <span class='ocrx_word' id='word_1_341' title='bbox 536 2259 825 2300; x_wconf 83' lang='lat' dir='ltr'>materialibus,</span> <span class='ocrx_word' id='word_1_342' title='bbox 853 2269 959 2304; x_wconf 90' lang='lat' dir='ltr'>quae</span> <span class='ocrx_word' id='word_1_343' title='bbox 981 2260 1032 2296; x_wconf 86' lang='lat' dir='ltr'>de</span> <span class='ocrx_word' id='word_1_344' title='bbox 1053 2260 1337 2304; x_wconf 86' lang='lat' dir='ltr'>phantasmate</span> <span class='ocrx_word' id='word_1_345' title='bbox 1359 2260 1610 2306; x_wconf 85' lang='lat' dir='ltr'>colliguntur.</span> <span class='ocrx_word' id='word_1_346' title='bbox 1639 2262 1679 2297; x_wconf 91' lang='lat' dir='ltr'>et</span> <span class='ocrx_word' id='word_1_347' title='bbox 1703 2261 1774 2297; x_wconf 80' lang='lat' dir='ltr'>fiat</span> <span class='ocrx_word' id='word_1_348' title='bbox 1794 2270 1874 2296; x_wconf 92' lang='lat' dir='ltr'>una</span> <span class='ocrx_word' id='word_1_349' title='bbox 1896 2270 2002 2297; x_wconf 89' lang='lat' dir='ltr'>com-</span> 
     </span>
     <span class='ocr_line' id='line_1_36' title="bbox 336 2317 2035 2364; baseline 0.002 -11"><span class='ocrx_word' id='word_1_350' title='bbox 336 2317 485 2363; x_wconf 91' lang='lat' dir='ltr'>positio</span> <span class='ocrx_word' id='word_1_351' title='bbox 525 2319 575 2354; x_wconf 93' lang='lat' dir='ltr'>de</span> <span class='ocrx_word' id='word_1_352' title='bbox 615 2319 784 2359; x_wconf 88' lang='lat' dir='ltr'>duabus,</span> <span class='ocrx_word' id='word_1_353' title='bbox 825 2319 929 2354; x_wconf 92' lang='lat' dir='ltr'>sicut</span> <span class='ocrx_word' id='word_1_354' title='bbox 966 2319 1011 2354; x_wconf 80' lang='lat' dir='ltr'>fit</span> <span class='ocrx_word' id='word_1_355' title='bbox 1049 2319 1170 2355; x_wconf 90' lang='lat' dir='ltr'>etiam</span> <span class='ocrx_word' id='word_1_356' title='bbox 1208 2329 1289 2355; x_wconf 87' lang='lat' dir='ltr'>una</span> <span class='ocrx_word' id='word_1_357' title='bbox 1327 2319 1487 2364; x_wconf 89' lang='lat' dir='ltr'>species</span> <span class='ocrx_word' id='word_1_358' title='bbox 1525 2320 1565 2355; x_wconf 93' lang='lat' dir='ltr'>in</span> <span class='ocrx_word' id='word_1_359' title='bbox 1601 2320 1719 2356; x_wconf 90' lang='lat' dir='ltr'>tertio</span> <span class='ocrx_word' id='word_1_360' title='bbox 1756 2323 1910 2356; x_wconf 77' lang='lat' dir='ltr'>nervo6</span> <span class='ocrx_word' id='word_1_361' title='bbox 1951 2320 2035 2356; x_wconf 84' lang='lat' dir='ltr'>de3</span> 
     </span>
     <span class='ocr_line' id='line_1_37' title="bbox 338 2376 2000 2424; baseline 0.002 -12"><span class='ocrx_word' id='word_1_362' title='bbox 338 2376 556 2421; x_wconf 91' lang='lat' dir='ltr'>speciebus</span> <span class='ocrx_word' id='word_1_363' title='bbox 583 2387 657 2422; x_wconf 92' lang='lat' dir='ltr'>per</span> <span class='ocrx_word' id='word_1_364' title='bbox 684 2377 825 2413; x_wconf 87' lang='lat' dir='ltr'>oculos</span> <span class='ocrx_word' id='word_1_365' title='bbox 859 2378 962 2413; x_wconf 93' lang='lat' dir='ltr'>duos</span> <span class='ocrx_word' id='word_1_366' title='bbox 995 2378 1248 2420; x_wconf 86' lang='lat' dir='ltr'>intrantibus,</span> <span class='ocrx_word' id='word_1_367' title='bbox 1288 2379 1380 2413; x_wconf 91' lang='lat' dir='ltr'>dum</span> <span class='ocrx_word' id='word_1_368' title='bbox 1406 2378 1598 2423; x_wconf 91' lang='lat' dir='ltr'>supponit</span> <span class='ocrx_word' id='word_1_369' title='bbox 1636 2378 1797 2423; x_wconf 91' lang='lat' dir='ltr'>species</span> <span class='ocrx_word' id='word_1_370' title='bbox 1836 2378 2000 2424; x_wconf 87' lang='lat' dir='ltr'>speciei.</span> 
     </span>
     <span class='ocr_line' id='line_1_38' title="bbox 338 2434 2001 2481; baseline 0.002 -10"><span class='ocrx_word' id='word_1_371' title='bbox 338 2434 404 2471; x_wconf 89' lang='lat' dir='ltr'>Sic</span> <span class='ocrx_word' id='word_1_372' title='bbox 441 2435 482 2471; x_wconf 93' lang='lat' dir='ltr'>in</span> <span class='ocrx_word' id='word_1_373' title='bbox 520 2436 731 2481; x_wconf 90' lang='lat' dir='ltr'>proposito</span> <span class='ocrx_word' id='word_1_374' title='bbox 772 2446 867 2472; x_wconf 91' lang='lat' dir='ltr'>esse</span> <span class='ocrx_word' id='word_1_375' title='bbox 904 2437 1051 2481; x_wconf 90' lang='lat' dir='ltr'>potest.</span> <span class='ocrx_word' id='word_1_376' title='bbox 1101 2437 1152 2473; x_wconf 91' lang='lat' dir='ltr'>Ut</span> <span class='ocrx_word' id='word_1_377' title='bbox 1179 2437 1238 2473; x_wconf 89' lang='lat' dir='ltr'>sic</span> <span class='ocrx_word' id='word_1_378' title='bbox 1264 2437 1496 2473; x_wconf 75' lang='lat' dir='ltr'>verificetur</span> <span class='ocrx_word' id='word_1_379' title='bbox 1520 2438 1690 2474; x_wconf 90' lang='lat' dir='ltr'>verbum</span> <span class='ocrx_word' id='word_1_380' title='bbox 1716 2437 2001 2474; x_wconf 84' lang='lat' dir='ltr'>Avicennae</span> 
     </span>
     <span class='ocr_line' id='line_1_39' title="bbox 338 2494 2002 2541; baseline 0.002 -11"><span class='ocrx_word' id='word_1_381' title='bbox 338 2494 511 2530; x_wconf 89' lang='lat' dir='ltr'>dicentis</span> <span class='ocrx_word' id='word_1_382' title='bbox 523 2497 547 2536; x_wconf 77' lang='lat'>7,</span> <span class='ocrx_word' id='word_1_383' title='bbox 575 2495 683 2539; x_wconf 92' lang='lat' dir='ltr'>quod</span> <span class='ocrx_word' id='word_1_384' title='bbox 708 2495 865 2531; x_wconf 73' lang='lat' dir='ltr'>formae</span> <span class='ocrx_word' id='word_1_385' title='bbox 892 2495 1165 2541; x_wconf 85' lang='lat' dir='ltr'>intelligibiles</span> <span class='ocrx_word' id='word_1_386' title='bbox 1192 2497 1385 2532; x_wconf 87' lang='lat' dir='ltr'>maneant</span> <span class='ocrx_word' id='word_1_387' title='bbox 1414 2505 1537 2541; x_wconf 90' lang='lat' dir='ltr'>super</span> <span class='ocrx_word' id='word_1_388' title='bbox 1562 2496 1828 2539; x_wconf 84' lang='lat' dir='ltr'>intellectum;</span> <span class='ocrx_word' id='word_1_389' title='bbox 1861 2506 2002 2533; x_wconf 89' lang='lat' dir='ltr'>verum</span> 
     </span>
    </p>
   </div>
   <div class='ocr_carea' id='block_1_11' title="bbox 338 2568 2003 2846">
    <p class='ocr_par' dir='ltr' id='par_1_12' title="bbox 338 2568 2003 2846">
     <span class='ocr_line' id='line_1_40' title="bbox 470 2568 2001 2634; baseline 0.002 -10"><span class='ocrx_word' id='word_1_390' title='bbox 470 2592 488 2624; x_wconf 88' lang='lat'>2</span> <span class='ocrx_word' id='word_1_391' title='bbox 516 2592 623 2631; x_wconf 79' lang='lat' dir='ltr'>ducit}</span> <span class='ocrx_word' id='word_1_392' title='bbox 650 2568 855 2626; x_wconf 60' lang='lat' dir='ltr'>differentia</span> <span class='ocrx_word' id='word_1_393' title='bbox 946 2594 964 2626; x_wconf 87' lang='grc'><strong>6</strong></span> <span class='ocrx_word' id='word_1_394' title='bbox 991 2593 1063 2633; x_wconf 87' lang='lat' dir='ltr'>via]</span> <span class='ocrx_word' id='word_1_395' title='bbox 1084 2602 1154 2626; x_wconf 92' lang='lat' dir='ltr'>una</span> <span class='ocrx_word' id='word_1_396' title='bbox 1240 2594 1280 2626; x_wconf 97' lang='grc'>10</span> <span class='ocrx_word' id='word_1_397' title='bbox 1308 2603 1386 2634; x_wconf 88' lang='lat' dir='ltr'>cap.</span> <span class='ocrx_word' id='word_1_398' title='bbox 1414 2594 1446 2633; x_wconf 89' lang='grc'>81</span> <span class='ocrx_word' id='word_1_399' title='bbox 1473 2603 1525 2627; x_wconf 88' lang='lat' dir='ltr'>ca.</span> <span class='ocrx_word' id='word_1_400' title='bbox 1553 2595 1626 2627; x_wconf 92' lang='lat' dir='ltr'>XIII</span> <span class='ocrx_word' id='word_1_401' title='bbox 1716 2595 1755 2627; x_wconf 92' lang='lat'>11</span> <span class='ocrx_word' id='word_1_402' title='bbox 1784 2594 2001 2634; x_wconf 81' lang='lat' dir='ltr'>interiorem]</span> 
     </span>
     <span class='ocr_line' id='line_1_41' title="bbox 342 2644 2002 2689; baseline 0.002 -12"><span class='ocrx_word' id='word_1_403' title='bbox 342 2644 378 2681; x_wconf 56' lang='lat'>4—</span> <span class='ocrx_word' id='word_1_404' title='bbox 399 2645 483 2685; x_wconf 88' lang='lat' dir='ltr'>quia</span> <span class='ocrx_word' id='word_1_405' title='bbox 500 2646 787 2686; x_wconf 82' lang='lat' dir='ltr'>praesentiorem</span> <span class='ocrx_word' id='word_1_406' title='bbox 861 2647 901 2679; x_wconf 88' lang='lat'>13</span> <span class='ocrx_word' id='word_1_407' title='bbox 923 2646 1135 2688; x_wconf 79' lang='lat' dir='ltr'>composita]</span> <span class='ocrx_word' id='word_1_408' title='bbox 1163 2647 1329 2680; x_wconf 87' lang='lat' dir='ltr'>absoluta</span> <span class='ocrx_word' id='word_1_409' title='bbox 1400 2648 1442 2680; x_wconf 89' lang='lat'>28</span> <span class='ocrx_word' id='word_1_410' title='bbox 1463 2656 1542 2689; x_wconf 91' lang='lat' dir='ltr'>cap.</span> <span class='ocrx_word' id='word_1_411' title='bbox 1561 2647 1615 2687; x_wconf 86' lang='grc'>14]</span> <span class='ocrx_word' id='word_1_412' title='bbox 1635 2656 1688 2680; x_wconf 88' lang='lat' dir='ltr'>ca.</span> <span class='ocrx_word' id='word_1_413' title='bbox 1703 2648 1777 2680; x_wconf 90' lang='lat' dir='ltr'>XIX</span> <span class='ocrx_word' id='word_1_414' title='bbox 1851 2648 1891 2680; x_wconf 89' lang='lat'>31</span> <span class='ocrx_word' id='word_1_415' title='bbox 1919 2648 2002 2680; x_wconf 85' lang='lat' dir='ltr'>trai-</span> 
     </span>
     <span class='ocr_line' id='line_1_42' title="bbox 338 2698 2001 2739; baseline 0.002 -9"><span class='ocrx_word' id='word_1_416' title='bbox 338 2698 434 2737; x_wconf 84' lang='lat' dir='ltr'>cere]</span> <span class='ocrx_word' id='word_1_417' title='bbox 461 2707 611 2731; x_wconf 85' lang='lat' dir='ltr'>cernere</span> <span class='ocrx_word' id='word_1_418' title='bbox 692 2699 734 2731; x_wconf 88' lang='lat'>33</span> <span class='ocrx_word' id='word_1_419' title='bbox 762 2700 956 2732; x_wconf 87' lang='lat' dir='ltr'>similitudo</span> <span class='ocrx_word' id='word_1_420' title='bbox 977 2699 1044 2738; x_wconf 85' lang='lat' dir='ltr'>est]</span> <span class='ocrx_word' id='word_1_421' title='bbox 1070 2700 1318 2733; x_wconf 88' lang='lat' dir='ltr'>similitudines</span> <span class='ocrx_word' id='word_1_422' title='bbox 1391 2701 1428 2732; x_wconf 88' lang='lat' dir='ltr'>ut</span> <span class='ocrx_word' id='word_1_423' title='bbox 1446 2700 1502 2739; x_wconf 90' lang='lat' dir='ltr'>de]</span> <span class='ocrx_word' id='word_1_424' title='bbox 1526 2700 1562 2738; x_wconf 71' lang='lat'>-4-</span> <span class='ocrx_word' id='word_1_425' title='bbox 1587 2700 1727 2733; x_wconf 79' lang='lat' dir='ltr'>lacuna</span> <span class='ocrx_word' id='word_1_426' title='bbox 1807 2701 1850 2733; x_wconf 88' lang='lat'>35</span> <span class='ocrx_word' id='word_1_427' title='bbox 1876 2699 2001 2739; x_wconf 89' lang='lat' dir='ltr'>nervo]</span> 
     </span>
     <span class='ocr_line' id='line_1_43' title="bbox 339 2750 2003 2794; baseline 0.002 -11"><span class='ocrx_word' id='word_1_428' title='bbox 339 2751 481 2784; x_wconf 88' lang='lat' dir='ltr'>obiecto</span> <span class='ocrx_word' id='word_1_429' title='bbox 578 2752 620 2784; x_wconf 80' lang='lat'>37</span> <span class='ocrx_word' id='word_1_430' title='bbox 648 2750 782 2792; x_wconf 88' lang='lat' dir='ltr'>potest]</span> <span class='ocrx_word' id='word_1_431' title='bbox 821 2752 858 2790; x_wconf 75' lang='lat' dir='ltr'>—l-</span> <span class='ocrx_word' id='word_1_432' title='bbox 888 2754 925 2785; x_wconf 91' lang='lat' dir='ltr'>ut</span> <span class='ocrx_word' id='word_1_433' title='bbox 951 2753 1094 2793; x_wconf 86' lang='lat' dir='ltr'>species</span> <span class='ocrx_word' id='word_1_434' title='bbox 1120 2753 1229 2785; x_wconf 86' lang='lat' dir='ltr'>totius</span> <span class='ocrx_word' id='word_1_435' title='bbox 1259 2762 1353 2794; x_wconf 92' lang='lat' dir='ltr'>quae</span> <span class='ocrx_word' id='word_1_436' title='bbox 1382 2754 1425 2786; x_wconf 85' lang='lat' dir='ltr'>de</span> <span class='ocrx_word' id='word_1_437' title='bbox 1453 2754 1592 2786; x_wconf 87' lang='lat' dir='ltr'>ratione</span> <span class='ocrx_word' id='word_1_438' title='bbox 1617 2754 1767 2787; x_wconf 84' lang='lat' dir='ltr'>aeterna</span> <span class='ocrx_word' id='word_1_439' title='bbox 1787 2779 1793 2786; x_wconf 92' lang='lat'>.</span> <span class='ocrx_word' id='word_1_440' title='bbox 1811 2780 1817 2786; x_wconf 91' lang='lat'>.</span> <span class='ocrx_word' id='word_1_441' title='bbox 1833 2779 1840 2787; x_wconf 92' lang='lat'>.</span> <span class='ocrx_word' id='word_1_442' title='bbox 1861 2754 2003 2786; x_wconf 88' lang='lat' dir='ltr'>uniatur</span> 
     </span>
     <span class='ocr_line' id='line_1_44' title="bbox 339 2805 1344 2846; baseline 0.003 -10"><span class='ocrx_word' id='word_1_443' title='bbox 339 2805 431 2836; x_wconf 88' lang='lat' dir='ltr'>sicut</span> <span class='ocrx_word' id='word_1_444' title='bbox 456 2805 519 2837; x_wconf 86' lang='lat' dir='ltr'>lux</span> <span class='ocrx_word' id='word_1_445' title='bbox 545 2805 668 2845; x_wconf 90' lang='lat' dir='ltr'>specie</span> <span class='ocrx_word' id='word_1_446' title='bbox 764 2806 808 2838; x_wconf 90' lang='lat' dir='ltr'>de</span> <span class='ocrx_word' id='word_1_447' title='bbox 834 2806 1089 2846; x_wconf 83' lang='lat' dir='ltr'>phantasmate</span> <span class='ocrx_word' id='word_1_448' title='bbox 1114 2806 1344 2839; x_wconf 85' lang='lat' dir='ltr'>abstrahatur</span> 
     </span>
    </p>
   </div>
   <div class='ocr_carea' id='block_1_12' title="bbox 339 2874 2000 3180">
    <p class='ocr_par' dir='ltr' id='par_1_13' title="bbox 339 2874 2000 2971">
     <span class='ocr_line' id='line_1_45' title="bbox 479 2874 2000 2918; baseline 0.001 -10"><span class='ocrx_word' id='word_1_449' title='bbox 479 2874 491 2897; x_wconf 91' lang='lat'>1</span> <span class='ocrx_word' id='word_1_450' title='bbox 518 2876 588 2908; x_wconf 76' lang='lat' dir='ltr'>Cir.</span> <span class='ocrx_word' id='word_1_451' title='bbox 619 2877 666 2908; x_wconf 85' lang='lat' dir='ltr'>De</span> <span class='ocrx_word' id='word_1_452' title='bbox 695 2877 833 2909; x_wconf 73' lang='lat' dir='ltr'>Anima</span> <span class='ocrx_word' id='word_1_453' title='bbox 857 2877 911 2915; x_wconf 92' lang='lat' dir='ltr'>III,</span> <span class='ocrx_word' id='word_1_454' title='bbox 939 2877 957 2909; x_wconf 91' lang='grc'><strong>6</strong></span> <span class='ocrx_word' id='word_1_455' title='bbox 984 2875 1086 2916; x_wconf 88' lang='lat' dir='ltr'>(text.</span> <span class='ocrx_word' id='word_1_456' title='bbox 1114 2875 1188 2916; x_wconf 90' lang='lat'>21);</span> <span class='ocrx_word' id='word_1_457' title='bbox 1215 2876 1377 2918; x_wconf 78' lang='lat' dir='ltr'>Metaph.</span> <span class='ocrx_word' id='word_1_458' title='bbox 1404 2877 1444 2916; x_wconf 89' lang='lat' dir='ltr'>V,</span> <span class='ocrx_word' id='word_1_459' title='bbox 1466 2878 1484 2910; x_wconf 89' lang='grc'>4</span> <span class='ocrx_word' id='word_1_460' title='bbox 1511 2876 1582 2916; x_wconf 91' lang='lat' dir='ltr'>(VI,</span> <span class='ocrx_word' id='word_1_461' title='bbox 1608 2878 1696 2910; x_wconf 87' lang='lat' dir='ltr'>text.</span> <span class='ocrx_word' id='word_1_462' title='bbox 1717 2876 1769 2916; x_wconf 87' lang='lat'>8);</span> <span class='ocrx_word' id='word_1_463' title='bbox 1801 2877 2000 2916; x_wconf 85' lang='lat' dir='ltr'>Thomas,</span> 
     </span>
     <span class='ocr_line' id='line_1_46' title="bbox 339 2928 1395 2971; baseline 0.002 -11"><span class='ocrx_word' id='word_1_464' title='bbox 339 2928 373 2961; x_wconf 88' lang='lat' dir='ltr'>S.</span> <span class='ocrx_word' id='word_1_465' title='bbox 402 2929 449 2960; x_wconf 75' lang='lat' dir='ltr'>th.</span> <span class='ocrx_word' id='word_1_466' title='bbox 476 2929 499 2968; x_wconf 80' lang='grc' dir='ltr'>Ι,</span> <span class='ocrx_word' id='word_1_467' title='bbox 528 2938 560 2969; x_wconf 90' lang='lat' dir='ltr'>q.</span> <span class='ocrx_word' id='word_1_468' title='bbox 588 2929 642 2968; x_wconf 87' lang='lat'>85,</span> <span class='ocrx_word' id='word_1_469' title='bbox 670 2938 700 2962; x_wconf 90' lang='lat' dir='ltr'>a.</span> <span class='ocrx_word' id='word_1_470' title='bbox 729 2930 765 2968; x_wconf 83' lang='lat'>5;</span> <span class='ocrx_word' id='word_1_471' title='bbox 794 2930 846 2962; x_wconf 87' lang='lat' dir='ltr'>De</span> <span class='ocrx_word' id='word_1_472' title='bbox 870 2930 982 2962; x_wconf 79' lang='lat' dir='ltr'>Hum.</span> <span class='ocrx_word' id='word_1_473' title='bbox 1010 2930 1121 2970; x_wconf 79' lang='lat' dir='ltr'>Coyn.</span> <span class='ocrx_word' id='word_1_474' title='bbox 1148 2930 1231 2962; x_wconf 79' lang='lat' dir='ltr'>Rat.</span> <span class='ocrx_word' id='word_1_475' title='bbox 1257 2939 1292 2971; x_wconf 90' lang='lat' dir='ltr'>p.</span> <span class='ocrx_word' id='word_1_476' title='bbox 1321 2931 1395 2962; x_wconf 89' lang='lat'>115.</span> 
     </span>
    </p>

    <p class='ocr_par' dir='ltr' id='par_1_14' title="bbox 478 2978 2000 3024">
     <span class='ocr_line' id='line_1_47' title="bbox 478 2978 2000 3024; baseline 0.001 -10"><span class='ocrx_word' id='word_1_477' title='bbox 478 2981 492 3003; x_wconf 83' lang='lat'>2</span> <span class='ocrx_word' id='word_1_478' title='bbox 519 2982 604 3021; x_wconf 87' lang='lat' dir='ltr'>VIII,</span> <span class='ocrx_word' id='word_1_479' title='bbox 625 2982 644 3014; x_wconf 89' lang='grc'>8</span> <span class='ocrx_word' id='word_1_480' title='bbox 670 2978 742 3024; x_wconf 90' lang='lat' dir='ltr'>(PL</span> <span class='ocrx_word' id='word_1_481' title='bbox 768 2983 821 3021; x_wconf 87' lang='grc'>42,</span> <span class='ocrx_word' id='word_1_482' title='bbox 843 2983 909 3015; x_wconf 85' lang='grc'>957</span> <span class='ocrx_word' id='word_1_483' title='bbox 936 2992 969 3015; x_wconf 94' lang='lat' dir='ltr'>n.</span> <span class='ocrx_word' id='word_1_484' title='bbox 992 2981 1060 3023; x_wconf 87' lang='lat'>12).</span> <span class='ocrx_word' id='word_1_485' title='bbox 1201 2982 1216 3005; x_wconf 84' lang='lat'><strong>3</strong></span> <span class='ocrx_word' id='word_1_486' title='bbox 1241 2983 1310 3016; x_wconf 75' lang='lat' dir='ltr'>Cir.</span> <span class='ocrx_word' id='word_1_487' title='bbox 1337 2984 1389 3016; x_wconf 87' lang='lat' dir='ltr'>De</span> <span class='ocrx_word' id='word_1_488' title='bbox 1406 2983 1652 3023; x_wconf 62' lang='lat' dir='ltr'>Ham-Com.</span> <span class='ocrx_word' id='word_1_489' title='bbox 1673 2982 1755 3015; x_wconf 68' lang='lat' dir='ltr'>liat.</span> <span class='ocrx_word' id='word_1_490' title='bbox 1781 2992 1815 3024; x_wconf 89' lang='lat' dir='ltr'>p.</span> <span class='ocrx_word' id='word_1_491' title='bbox 1839 2984 1903 3016; x_wconf 86' lang='lat'>105</span> <span class='ocrx_word' id='word_1_492' title='bbox 1917 2982 2000 3023; x_wconf 87' lang='lat'>(15).</span> 
     </span>
    </p>

    <p class='ocr_par' dir='ltr' id='par_1_15' title="bbox 478 3034 1738 3075">
     <span class='ocr_line' id='line_1_48' title="bbox 478 3034 1738 3075; baseline 0.002 -9"><span class='ocrx_word' id='word_1_493' title='bbox 478 3034 492 3056; x_wconf 74' lang='lat'>4</span> <span class='ocrx_word' id='word_1_494' title='bbox 518 3035 587 3073; x_wconf 90' lang='lat' dir='ltr'>XII,</span> <span class='ocrx_word' id='word_1_495' title='bbox 616 3035 657 3067; x_wconf 89' lang='lat'>14</span> <span class='ocrx_word' id='word_1_496' title='bbox 685 3034 754 3074; x_wconf 90' lang='lat' dir='ltr'>(PL</span> <span class='ocrx_word' id='word_1_497' title='bbox 780 3036 834 3074; x_wconf 85' lang='grc'>42,</span> <span class='ocrx_word' id='word_1_498' title='bbox 862 3036 950 3069; x_wconf 88' lang='grc'>1010</span> <span class='ocrx_word' id='word_1_499' title='bbox 976 3044 1010 3069; x_wconf 90' lang='lat' dir='ltr'>n.</span> <span class='ocrx_word' id='word_1_500' title='bbox 1037 3034 1106 3075; x_wconf 85' lang='lat'>23).</span> <span class='ocrx_word' id='word_1_501' title='bbox 1224 3035 1239 3058; x_wconf 83' lang='lat'>5</span> <span class='ocrx_word' id='word_1_502' title='bbox 1264 3036 1310 3068; x_wconf 83' lang='lat' dir='ltr'>ib.</span> <span class='ocrx_word' id='word_1_503' title='bbox 1340 3037 1426 3068; x_wconf 93' lang='lat'>1111</span> <span class='ocrx_word' id='word_1_504' title='bbox 1447 3045 1480 3069; x_wconf 93' lang='lat' dir='ltr'>n.</span> <span class='ocrx_word' id='word_1_505' title='bbox 1502 3037 1555 3069; x_wconf 87' lang='lat'>23.</span> <span class='ocrx_word' id='word_1_506' title='bbox 1736 3053 1738 3055; x_wconf 60' lang='lat'>&gt;</span> 
     </span>
    </p>

    <p class='ocr_par' dir='ltr' id='par_1_16' title="bbox 478 3086 1968 3130">
     <span class='ocr_line' id='line_1_49' title="bbox 478 3086 1968 3130; baseline 0.001 -10"><span class='ocrx_word' id='word_1_507' title='bbox 478 3086 493 3108; x_wconf 67' lang='grc' dir='ltr'><strong>ὕ</strong></span> <span class='ocrx_word' id='word_1_508' title='bbox 519 3088 589 3120; x_wconf 83' lang='lat' dir='ltr'>Cfr.</span> <span class='ocrx_word' id='word_1_509' title='bbox 616 3088 886 3127; x_wconf 86' lang='lat' dir='ltr'>Alhazenus,</span> <span class='ocrx_word' id='word_1_510' title='bbox 917 3089 1047 3130; x_wconf 73' lang='lat' dir='ltr'>Optica</span> <span class='ocrx_word' id='word_1_511' title='bbox 1072 3089 1095 3128; x_wconf 91' lang='lat' dir='ltr'>I,</span> <span class='ocrx_word' id='word_1_512' title='bbox 1123 3090 1183 3127; x_wconf 86' lang='lat'>25;</span> <span class='ocrx_word' id='word_1_513' title='bbox 1209 3089 1300 3121; x_wconf 78' lang='lat' dir='ltr'>Joh.</span> <span class='ocrx_word' id='word_1_514' title='bbox 1327 3089 1457 3128; x_wconf 63' lang='lat' dir='ltr'>Gual„</span> <span class='ocrx_word' id='word_1_515' title='bbox 1484 3089 1535 3121; x_wconf 86' lang='lat' dir='ltr'>De</span> <span class='ocrx_word' id='word_1_516' title='bbox 1564 3089 1677 3121; x_wconf 82' lang='lat' dir='ltr'>Oculo</span> <span class='ocrx_word' id='word_1_517' title='bbox 1703 3088 1854 3127; x_wconf 77' lang='lat' dir='ltr'>Morali,</span> <span class='ocrx_word' id='word_1_518' title='bbox 1881 3098 1909 3121; x_wconf 85' lang='lat' dir='ltr'>c.</span> <span class='ocrx_word' id='word_1_519' title='bbox 1938 3090 1968 3121; x_wconf 81' lang='lat'>5.</span> 
     </span>
    </p>

    <p class='ocr_par' dir='ltr' id='par_1_17' title="bbox 480 3138 795 3180">
     <span class='ocr_line' id='line_1_50' title="bbox 480 3138 795 3180; baseline 0.006 -8"><span class='ocrx_word' id='word_1_520' title='bbox 480 3138 493 3161; x_wconf 79' lang='grc'>7</span> <span class='ocrx_word' id='word_1_521' title='bbox 524 3140 577 3173; x_wconf 91' lang='lat' dir='ltr'>VI.</span> <span class='ocrx_word' id='word_1_522' title='bbox 598 3141 681 3173; x_wconf 77' lang='lat' dir='ltr'>Nat.</span> <span class='ocrx_word' id='word_1_523' title='bbox 703 3141 743 3180; x_wconf 91' lang='lat' dir='ltr'>V,</span> <span class='ocrx_word' id='word_1_524' title='bbox 766 3142 795 3174; x_wconf 84' lang='lat'>6.</span> 
     </span>
    </p>
   </div>
   <div class='ocr_carea' id='block_1_13' title="bbox 2093 3147 2095 3232">
    <p class='ocr_par' dir='ltr' id='par_1_18' title="bbox 2093 3147 2095 3232">
     <span class='ocr_line' id='line_1_51' title="bbox 2093 3147 2095 3232; baseline 0 -81"><span class='ocrx_word' id='word_1_525' title='bbox 2093 3147 2095 3232; x_wconf 43' lang='lat'><em>3</em></span> 
     </span>
    </p>
   </div>
  </div>
 </body>
</html>
