2095 3459
325 205 369 241 68
840 204 1021 239 Johannis
1048 205 1217 239 Pechami
1243 207 1493 244 Quaestiones'.

326 306 535 341 delectent
555 305 645 349 plus
668 304 848 340 delectet
874 303 966 348 ipsa
991 303 1204 340 iustitia“1.
1243 303 1360 340 Unde
1386 303 1691 349 Augustinus
1717 303 1769 339 de
1795 303 1858 338 his
1881 301 2009 339 tribus

329 364 423 400 VIII.
463 364 522 399 De
547 363 724 399 Civitate
762 372 849 408 cap.
877 364 943 398 42:
985 362 1050 405 „In
1088 362 1155 398 1110
1195 362 1400 399 Invenitur
1438 372 1565 398 causa
1603 362 1867 403 subsistendi,
1906 361 2009 397 ratio

327 422 583 468 intelligendi
609 423 651 458 et
677 423 778 458 ordo
805 421 1055 464 <vivendi>“.
1106 421 1223 457 Ratio
1262 422 1398 457 autem
1435 421 1554 456 huius
1591 421 1699 465 quod
1734 421 2012 465 principaliter

302 482 305 501 ³
327 481 549 518 intenditur
576 482 640 517 est
666 481 775 526 quod
802 480 1033 526 intelligere
1054 489 1138 515 non
1159 480 1380 516 illustretur
1400 480 1580 522 <solum>
1601 481 1652 516 ab
1673 480 1741 515 illa
1759 480 1861 520 luce,
1889 480 2012 522 (sed)

328 541 498 576 sumitur
518 540 717 585 <aliquid>
739 550 764 576 a
792 540 909 584 parte
932 539 1055 575 etiam
1078 541 1248 575 naturae
1268 539 1430 575 animae
1450 539 1674 581 rationalis,
1701 549 1726 575 a
1752 540 1867 584 parte
1891 539 2013 575 etiam
2033 545 2048 570 5

327 599 455 643 ipsius
476 599 577 635 lucis
598 599 955 639 incommutabilis,
977 608 1001 634 a
1022 600 1138 643 parte
1166 598 1331 643 inquam
1357 598 1519 634 animae
1539 598 1763 639 rationalis,
1791 607 1897 643 quae
1917 598 2015 634 nata

329 659 393 693 est
407 658 458 694 ad
481 658 758 703 cognitionem
778 657 976 693 veritatis.
1008 656 1111 697 Quia
1126 658 1204 693 hoc
1220 658 1283 693 est
1296 657 1508 699 rationale,
1524 657 1633 702 quod
1648 658 1785 702 potest
1800 657 2015 693 veritatem

330 726 599 762 cognoscere.
649 716 788 761 Super
812 716 1057 752 ‘Iohannem
1083 715 1197 752 Hom.
1224 712 1346 751 XVIII
1357 718 1382 751 3.
1431 716 1547 759 „Ideo
1575 716 1713 760 potest
1740 716 1878 752 dicere
1905 715 2015 760 quod

330 779 460 818 (non)
486 775 673 811 veritatis
702 776 776 816 est,
804 775 883 810 nisi
910 775 1158 811 illuminetur
1184 776 1235 811 ab
1263 784 1325 816 eo,
1353 775 1420 820 qui
1447 775 1562 811 nasci
1588 784 1672 810 non
1698 776 1868 820 potest.“
1914 774 2015 810 Item

329 835 388 870 De
423 835 523 870 Vera
556 835 820 878 Reliyione4:
862 833 989 877 „Quid
1024 834 1181 879 appetit
1208 834 1423 870 curiositas
1463 834 1542 869 nisi
1580 833 1869 879 cognitionem,
1909 842 2014 878 quae

330 895 443 930 certa
468 897 590 936 <esse
616 903 700 929 non
726 893 877 938 potest,
904 893 983 928 nisi
1009 902 1146 929 rerum
1171 893 1434 929 aeternarum
1461 894 1502 929 et
1528 894 1676 929 eodem
1702 892 1824 928 modo
1852 901 2017 937 semper

329 963 375 989 se
401 953 697 995 habentium.>“

120 1009 182 1041 fol·
210 1009 312 1042 25⁷⁶b
478 1015 491 1055 Ι]
510 1011 814 1048 concedendae
841 1012 936 1047 sunt
962 1011 1146 1047 rationes
1173 1012 1398 1056 probantes
1425 1021 1550 1047 unum
1583 1021 1678 1047 0880
1704 1011 1842 1047 lumen
1861 1011 1909 1059 111
1936 1020 2016 1056 quo

258 1219 308 1255 D.

331 1072 469 1108 omnia
494 1071 697 1113 videntur,
725 1081 809 1107 non
839 1071 978 1106 tamen
1006 1071 1231 1115 probantes
1258 1080 1382 1105 unum
1410 1080 1506 1106 0880
1533 1070 1670 1106 lumen
1697 1071 1890 1107 creatum.

930 1146 1101 1183 Solutio
1131 1147 1432 1183 obiectorum.

473 1219 535 1255 Ad
563 1219 727 1255 obiecta
752 1219 874 1265 igitur
899 1217 1236 1263 respondendum
1263 1218 1345 1253 est:

473 1280 503 1314 1.
543 1278 605 1315 Ad
642 1278 842 1323 primum⁵
869 1278 978 1323 quod
1007 1277 1194 1323 quamvis
1223 1277 1274 1312 sit
1299 1277 1510 1312 beatitudo
1537 1277 1732 1318 increata,
1770 1287 1853 1313 non
1880 1278 2017 1312 tamen

332 1338 479 1374 eadem
504 1338 666 1374 ratione
694 1338 800 1374 sicut
826 1337 1041 1382 sapientia.
1092 1336 1310 1372 Beatitudo
1338 1336 1445 1372 enim
1472 1336 1656 1372 increata
1675 1336 1876 1372 rationem
1897 1336 2018 1372 sonat

332 1398 560 1434 secundum
586 1397 928 1443 Augustinum.
978 1397 1097 1433 Unde
1124 1396 1296 1432 ibidem:
1333 1395 1426 1440 Ipsa
1452 1395 1536 1431 vita
1566 1396 1690 1431 beata
1723 1396 1786 1431 est
1811 1395 1936 1431 animi
1961 1395 2017 1430 in-

332 1457 542 1493 haerentis
570 1456 894 1493 incommutabili
920 1457 1030 1492 bono
1042 1458 1067 1491 6.
1118 1455 1241 1501 Igitur
1277 1455 1503 1490 secundum
1535 1454 1810 1500 Augustinu
1821 1464 1859 1489 m
1890 1454 2017 1490 beati-
2036 1463 2051 1488 2

331 1517 428 1552 tudo
457 1517 580 1552 sonat
606 1516 647 1551 in
674 1516 942 1552 affectionem
970 1515 1174 1560 quandam
1200 1514 1362 1556 factam,
1399 1513 1625 1550 secundum
1658 1514 1766 1558 quod
1794 1513 1939 1549 dicitur
1964 1514 2016 1549 ab

332 1585 382 1610 eo
405 1575 514 1620 quod
537 1576 601 1611 est
621 1576 760 1616 beare,
788 1575 827 1610 id
849 1576 913 1610 est
933 1575 1099 1610 beatum
1119 1572 1271 1609 facere.
1318 1573 1436 1609 Unde
1466 1582 1550 1609 non
1580 1573 1644 1608 est
1674 1573 1884 1609 beatitudo
1914 1573 2017 1615 <in->

332 1635 472 1670 creata
498 1634 554 1670 ita
580 1634 745 1679 proprie
774 1634 879 1669 sicut
906 1633 1110 1678 sapientia
1137 1632 1216 1668 nisi
1241 1632 1421 1668 totaliter
1447 1632 1666 1677 loquendo.

472 1694 504 1729 2.
544 1693 605 1729 Ad
634 1694 862 1729 secundum
890 1693 999 1737 quod
1028 1692 1202 1727 scientia
1228 1701 1310 1726 non
1339 1692 1401 1726 est
1428 1701 1509 1727 una
1535 1690 1575 1727 in
1602 1700 1667 1726 me
1701 1691 1741 1727 et
1772 1691 1813 1726 in
1849 1691 1900 1732 te,
1939 1690 2018 1726 nisi

332 1753 561 1788 secundum
588 1753 697 1797 quod
722 1751 900 1797 refulget
926 1752 967 1787 in
994 1761 1069 1787 suo
1095 1750 1221 1786 fonte.

472 1812 504 1847 3.
531 1811 594 1847 Ad
620 1811 785 1847 tertium
811 1812 925 1856 patet
951 1811 1061 1855 quod
1087 1809 1350 1845 Avicenna
1377 1810 1538 1845 erravit.

472 1872 504 1906 4.
531 1869 594 1906 Ad
621 1871 809 1915 quartum
836 1860 1056 1906 dicendum
1083 1870 1192 1914 quod
1220 1869 1282 1905 sol
1308 1868 1374 1904 ille
1402 1868 1511 1904 Deus
1539 1869 1612 1904 est.
1662 1868 1709 1904 Et
1735 1869 1786 1904 ad
1814 1868 2017 1904 obiectum

334 1931 420 1973 „est
447 1930 498 1966 de
526 1929 920 1965 communicabiliori
957 1928 1201 1965 existentia“
1230 1928 1459 1969 dicendum,
1499 1928 1605 1973 quod
1643 1927 2019 1963 communicabilior

334 1989 397 2024 est
422 1998 490 2025 res
518 1988 753 2033 spiritualis.
804 1988 924 2024 Unde
951 1987 1089 2023 anima
1116 1987 1342 2023 secundum
1370 1996 1416 2022 se
1443 1996 1645 2031 praesens
1672 1986 1745 2022 toti
1780 1986 1943 2031 corpori
1979 1987 2018 2022 et

333 2048 505 2093 angelus
534 2048 608 2083 toti
634 2048 738 2089 loco,
765 2047 807 2083 in
835 2057 915 2092 quo
945 2048 1009 2083 est
1036 2056 1118 2082 non
1145 2047 1301 2082 tantum
1329 2055 1402 2090 per
1427 2046 1549 2081 istum
1587 2046 1762 2087 modum,
1802 2045 1897 2090 quia
1933 2055 2016 2081 non

333 2107 417 2152 agIt
444 2107 524 2142 nisi
550 2116 623 2152 per
649 2107 933 2147 intentionem,
961 2115 1083 2150 quam
1109 2105 1316 2150 applicare
1344 2114 1427 2140 non
1453 2105 1591 2149 potest
1617 2104 1696 2140 nisi
1722 2104 1762 2139 in
1800 2114 1882 2140 uno
1914 2104 2017 2140 1000.

474 2166 781 2202 Concedendae
810 2166 933 2202 etiam
969 2166 1066 2201 sunt
1099 2164 1281 2200 rationes
1320 2164 1544 2208 probantes
1584 2173 1708 2199 unum
1747 2173 1842 2199 esse
1881 2163 2017 2199 lumen

333 2225 572 2267 increatum,
612 2226 652 2261 in
692 2235 772 2270 quo
812 2224 893 2260 alia
931 2223 1263 2260 intellectualiter
1290 2225 1605 2268 cognoscuntur.
1656 2222 1852 2258 Rationes
1880 2224 2018 2258 tamen

333 2284 495 2329 aliquae
521 2284 680 2320 illarum
706 2294 791 2320 non
817 2285 926 2319 bene
953 2283 1212 2319 concludunt.

474 2345 506 2379 5.
545 2343 608 2379 Ad
647 2344 853 2379 obiectum
892 2343 943 2378 de
982 2341 1192 2377 intellectu
1230 2342 1405 2386 agente7
1432 2341 1524 2376 dico
1561 2341 1668 2385 quod
1705 2341 1841 2376 anima
1866 2340 2017 2385 aliquid

298 2394 301 2447 J
333 2403 457 2438 habet
482 2403 524 2438 in
552 2411 597 2438 se
624 2403 813 2443 activum,
854 2402 958 2437 sicut
984 2401 1175 2436 virtutem
1200 2400 1458 2436 formativam
1486 2400 1728 2444 specierum,
1767 2400 1871 2435 sicut
1896 2399 2017 2435 etiam

298 2462 300 2489 ἰ
334 2462 526 2498 virtutem
552 2462 816 2498 judicativam
843 2461 1001 2497 scilicet
1026 2470 1161 2496 rerum
1174 2462 1198 2496 ³.
1250 2459 1331 2496 Sed
1358 2459 1464 2501 illud,
1493 2460 1601 2504 quod
1628 2459 1742 2504 ponit
1768 2458 2017 2494 intellectum

334 2521 374 2556 in
401 2522 494 2556 actu
520 2520 787 2566 intelligendi,
828 2521 891 2555 est
917 2520 1148 2555 intellectus
1186 2519 1358 2554 divinus.
1408 2518 1525 2554 quta
1567 2518 1675 2562 quod
1715 2518 1811 2554 dicit
1848 2517 2018 2553 Avem-

453 2608 471 2639 4
500 2607 568 2646 est]
590 2608 626 2645 4-
651 2607 790 2639 scilicet
864 2607 882 2639 7
905 2605 1038 2647 potest]
1059 2605 1234 2646 possibile
1310 2605 1351 2637 10
1372 2603 1577 2643 curiositas]
1598 2604 1739 2636 trinitas
1815 2604 1855 2636 12
1878 2604 2018 2636 laea-na

304 2678 306 2680 v
330 2669 401 2701 per
427 2661 628 2693 dimidium
654 2660 854 2692 columnae
927 2659 970 2692 20
998 2657 1105 2697 bono]
1136 2657 1200 2691 Ms.
1223 2658 1334 2690 habet
1353 2657 1450 2690 duas
1472 2657 1632 2689 lacunas
1658 2659 1745 2689 tanc
1767 2658 1958 2698 sequitur:
1984 2658 2018 2689 et

335 2714 488 2753 primum
516 2715 572 2746 est
597 2713 753 2745 hominis
780 2713 913 2745 bonum
939 2713 975 2744 in
1002 2720 1046 2744 eo
1073 2712 1181 2744 etiam
1208 2712 1292 2743 sunt
1311 2711 1463 2743 virtutes
1486 2711 1616 2751 quibus
1638 2709 1793 2751 potest-¹·
1867 2710 1909 2742 23
1937 2709 2017 2748 11181]

335 2774 423 2805 ante
449 2773 541 2805 sicut
566 2772 749 2813 sapientia
847 2772 889 2804 29
917 2771 1115 2804 secundum
1142 2769 1196 2809 se]
1233 2770 1289 2802 bis
1312 2769 1348 2807 -Ρ
1374 2755 1530 2802 offinium
1629 2769 1670 2801 34
1698 2768 1851 2808 illarum]
1878 2770 2017 2801 illorum

476 2854 488 2876 ¹
515 2855 637 2896 Aug,
670 2855 723 2887 De
753 2854 853 2887 Verb.
879 2854 960 2894 Ap„
993 2862 1116 2886 sermo
1144 2853 1256 2886 CLIX
1285 2851 1400 2891 (alias
1425 2852 1552 2891 XVII),
1580 2853 1601 2884 2
1633 2851 1703 2891 (PL
1729 2853 1784 2891 38,
1812 2852 1877 2884 867
1905 2861 1937 2884 n.
1966 2850 2016 2891 ⁴.);

335 2909 510 2941 Damaso.
537 2909 661 2940 nescio
690 2917 761 2948 quo
787 2908 879 2940 1000.

475 2960 490 2982 ‘2
516 2961 602 3000 VIII,
631 2961 648 2992 4
676 2959 748 3000 (PL
774 2961 828 2999 41,
857 2959 950 2999 228).
1001 2959 1071 2992 Cfr.
1098 2959 1151 2991 De
1175 2958 1287 2990 Ham.
1311 2957 1423 2997 Coyn.
1450 2957 1533 2990 [ἰαί.
1560 2967 1594 2998 p.
1623 2959 1665 2990 55
1693 2956 1766 2997 (24)
1791 2959 1829 2990 et
1855 2966 1889 2997 p.
1917 2957 1970 2989 80.

475 3013 490 3035 3
509 3014 643 3046 Locum
657 3023 728 3046 non
743 3014 876 3046 inveni.
962 3012 976 3034 4
996 3021 1025 3045 c.
1042 3013 1083 3044 52
1099 3010 1172 3051 (PL
1186 3011 1240 3050 34,
1258 3011 1321 3043 167
1336 3020 1369 3043 11.
1387 3009 1477 3048 101).
1568 3010 1582 3032 5
1603 3010 1684 3043 Scil.
1700 3011 1745 3043 ad
1759 3010 1799 3042 A.
1816 3019 1838 3042 a
1853 3011 1870 3042 1
1887 3010 1935 3050 (p.
1948 3007 2016 3048 60).

474 3066 489 3088 6
517 3067 644 3103 Quoad
670 3075 819 3099 sensum
844 3066 944 3098 vide:
972 3065 1024 3098 De
1049 3065 1124 3097 Lib.
1151 3064 1238 3096 Arb.
1265 3063 1303 3103 II,
1331 3063 1350 3095 9
1377 3061 1424 3101 (11.
1453 3063 1510 3098 26)
1537 3064 1573 3096 et
1598 3063 1635 3102 ΙΙ,
1665 3064 1705 3095 13
1734 3064 1779 3101 (n.
1808 3061 1876 3102 36).

477 3119 491 3140 7
518 3120 599 3152 Scil.
627 3120 671 3151 ad
701 3119 740 3152 Α.
758 3119 777 3150 b
801 3119 916 3150 9-12
942 3116 991 3158 (p.
1020 3116 1090 3155 61).
1233 3115 1247 3136 ⁸
1273 3116 1343 3149 Cfr.
1370 3115 1422 3148 De
1440 3116 1552 3148 Ham.
1574 3116 1686 3156 Come.
1706 3116 1787 3148 Rae.
1815 3125 1849 3157 p.
1869 3116 1923 3148 96.

2037 839 2069 864 10

2037 1758 2070 1783 25

2037 2052 2069 2077 :30

2037 2344 2069 2371 :35
