2095 3459
330 182 396 216 176
839 181 1016 214 <Iohannis
1042 180 1209 213 Pechami
1236 179 1485 217 Quaestiones

329 280 431 325 lapis
458 279 679 315 intellectui
705 279 842 314 creato
869 287 942 323 pro
970 286 1045 313 sua
1071 277 1367 317 materialitate,
1405 277 1461 311 ita
1487 284 1564 311 nec
1590 274 1701 310 Deus
1728 282 1801 318 pro
1829 281 1905 308 sua
1930 271 2000 307 im-

330 337 624 375 materialitate.
674 337 780 383 Ergo
807 337 911 373 sicut
935 336 1039 381 lapis
1065 336 1226 372 videtur
1251 345 1325 380 per
1360 334 1674 374 similitudinem,
1710 333 1765 368 ita
1802 332 1842 368 et
1876 331 1998 367 Deus.

470 398 568 433 Item
595 397 702 442 quod
729 397 854 432 habet
880 395 1061 440 speciem
1087 395 1127 430 in
1154 394 1352 430 memoria
1377 393 1563 435 hominis,
1590 402 1673 428 non
1699 391 1934 437 intelligitur
1959 390 1999 425 in

332 458 436 498 actu,
462 456 539 492 nisi
563 456 652 501 ipsa
677 455 840 500 species
860 455 911 491 de
933 464 979 490 se
999 454 1203 500 significat
1222 453 1343 489 aliam
1364 453 1543 498 speciem
1562 451 1849 487 informantem
1871 449 2000 494 ipsam

332 514 632 557 intellectivam.
671 514 788 550 Unde
819 514 914 549 dicit
936 513 1005 549 Hu
1013 523 1071 559 go
1099 522 1222 557 super
1242 512 1413 557 primum
1439 510 1662 555 Anyelicae
1682 508 2000 545 Hierarchiaeu
2021 514 2037 538 5

334 573 652 619 „Theophanias‚
679 573 817 618 inquit,
853 573 1023 614 <modo>
1049 571 1212 608 veritati
1237 571 1519 607 consentaneo
1547 568 1841 605 existimemus.
1892 567 2004 603 Sicut

334 633 441 668 enim
468 633 547 668 duo
575 633 678 674 sunt,
704 632 841 667 lumen
868 632 909 667 et
934 631 1043 676 quod
1070 630 1239 675 suscipit
1263 630 1412 671 lumen,
1445 638 1593 673 corpus
1620 628 1774 668 lucens,
1807 626 1916 672 quod
1942 626 2004 661 est

334 691 633 737 quodammodo
660 691 878 727 similitudo
905 690 1079 731 luminis,
1105 690 1161 725 ita
1181 689 1292 725 Deus
1319 689 1503 724 nostrum
1528 688 1666 723 lumen
1687 687 1760 723 est.
1798 685 1846 721 Et
1871 685 2002 730 ipsum

334 751 469 786 lumen
489 750 709 786 rationales
728 749 852 785 animi
871 749 1011 785 mundi
1031 750 1072 785 et
1090 748 1180 794 puri
1200 747 1434 792 concipiunt
1455 747 1496 782 et
1516 755 1569 782 ex
1584 755 1634 782 eo
1649 745 1834 781 lucentes
1849 743 1950 791 fiunt
1965 744 2005 779 et

334 811 427 845 sunt
446 809 536 854 ipsa
555 808 734 845 lucentia
752 808 1027 853 theophaniae
1048 807 1221 849 luminis,
1241 806 1282 842 in
1302 805 1447 851 quibus
1467 805 1605 841 lumen
1619 804 1789 845 videtur,
1811 802 2003 848 quoniam
2024 808 2056 833 10

335 870 386 905 ab
412 869 521 904 nullo
547 868 698 904 lumine
725 867 934 904 videretur
959 866 1081 908 Deus,
1109 866 1144 902 si
1169 866 1302 901 nullus
1328 874 1353 901 a
1377 864 1528 900 lumine
1556 863 1886 906 illuminaretur.“-

474 927 591 963 Unde
618 927 722 962 sicut
746 926 787 962 in
812 926 972 962 visione
999 924 1200 970 corporali
1226 924 1304 960 tria
1338 924 1468 964 sunt2,
1506 922 1681 958 scilicet:
1721 921 1862 957 oculus
1896 921 2005 956 bene

337 986 558 1031 dispositus
586 986 627 1021 et
653 985 856 1021 obiectum
882 994 1056 1020 movens
1084 984 1124 1020 et
1149 982 1366 1028 impressio
1394 982 1554 1018 obiecta
1580 990 1703 1026 super
1739 980 1910 1021 oculum,
1950 979 2007 1015 ita

337 1047 378 1081 et
411 1046 452 1080 in
478 1044 638 1080 visione
674 1044 864 1090 gloriosa.
913 1043 984 1079 Est
1022 1043 1130 1079 enim
1169 1051 1395 1078 concursus
1433 1041 1552 1076 trium
1590 1039 1796 1081 luminum,
1835 1047 2006 1083 quorum

336 1114 471 1145 unum,
497 1103 519 1139 i.
541 1113 575 1139 e.
596 1103 832 1143 increatum,
857 1103 921 1138 est
941 1102 1155 1142 obiectum,
1176 1101 1284 1137 aliud
1305 1100 1426 1136 sanat
1443 1099 1707 1140 intellectum,
1726 1099 1771 1134 ut
1790 1098 1842 1133 sit
1860 1098 2008 1142 potens
2028 1108 2060 1133 15

337 1163 479 1199 videre
506 1162 647 1202 Deum,
685 1161 794 1207 quod
820 1163 884 1197 est
908 1161 1070 1197 habitus
1097 1159 1263 1205 gloriae,
1302 1159 1463 1195 tertium
1500 1159 1564 1194 est
1598 1158 1736 1193 lumen
1762 1157 2009 1202 impressum

338 1231 464 1269 super
488 1221 748 1262 intellectum,
775 1230 849 1265 per
875 1220 985 1265 quod
1009 1219 1233 1256 formaliter
1258 1218 1369 1254 Deus
1396 1218 1568 1258 videtur,
1607 1217 1711 1253 sicut
1736 1216 1873 1252 anima
1897 1215 2010 1251 videt

132 1284 193 1315 sol.
215 1282 320 1314 37rb
341 1281 520 1325 seipsam
555 1289 628 1325 per
663 1279 886 1316 essentiam
921 1288 1037 1315 suam
1074 1278 1338 1324 praesentem
1355 1280 1368 1321 11
1387 1278 1428 1313 et
1464 1276 1725 1312 nihilominus
1763 1285 1839 1321 per
1876 1274 2010 1311 simili-

339 1340 521 1375 tudinem
547 1339 723 1384 aliquam
748 1348 774 1374 a
800 1348 845 1374 se
872 1345 1126 1383 expressam.

478 1398 537 1434 Ita
562 1398 673 1434 Deus
702 1397 981 1434 essentialiter
998 1397 1160 1433 videtur
1187 1397 1228 1432 et
1251 1395 1485 1431 immediate
1514 1395 1554 1431 et
1579 1395 1718 1430 tamen
1738 1403 1814 1439 per
1832 1393 2009 1438 aliquam
2028 1399 2062 1424 20

341 1457 522 1503 speciem
549 1457 837 1502 disponentem
863 1450 1124 1492 intellectum.

133 1538 183 1574 D.
199 1536 341 1572 XXIII·
521 1540 691 1576 Solutio
719 1539 1005 1575 obiectorum
1031 1537 1337 1583 <quaestionis
1362 1537 1612 1573 vicesimae
1634 1536 1834 1578 tertiae).

481 1621 512 1652 1.
546 1616 608 1653 Ad
645 1616 818 1661 primum
856 1615 1061 1652 obiectum
1098 1615 1139 1650 in
1177 1613 1426 1650 contrarium
1461 1613 1678 1649 dicendum
1714 1612 1822 1657 quod
1849 1611 2010 1657 species

342 1676 487 1721 lapidis
513 1676 554 1711 in
580 1675 718 1711 anima
744 1675 808 1710 est
832 1674 874 1710 in
900 1673 1082 1719 pluribus
1109 1672 1316 1709 dissimilis
1340 1672 1466 1717 lapidi
1492 1681 1613 1717 quam
1634 1671 1787 1713 similis,
1814 1672 1855 1707 et
1874 1672 2012 1707 tamen

342 1734 464 1770 unica
489 1734 707 1770 similitudo
732 1733 912 1769 ostendit
936 1733 1069 1778 ipsum
1095 1732 1329 1768 intellectui.
1379 1731 1439 1767 Ita
1465 1731 1627 1776 species
1653 1730 1731 1773 illa,
1765 1731 1816 1767 de
1843 1739 1924 1776 qua
1949 1730 2013 1766 est
2031 1736 2065 1761 25

345 1803 490 1834 sermo,
517 1794 657 1829 creata
682 1792 723 1828 in
749 1792 866 1828 oculo
893 1791 1060 1838 gloriosi
1084 1791 1325 1832 intellectus,
1352 1791 1393 1826 et
1418 1790 1758 1835 quantacumque
1773 1789 2012 1825 difformitas

345 1853 547 1897 quaedam
574 1852 645 1893 est,
672 1851 759 1887 Deo
787 1852 851 1887 est
876 1851 1089 1893 simillima,
1116 1850 1311 1896 quamvis,
1338 1849 1379 1885 in
1406 1850 1601 1894 quantum
1628 1858 1681 1885 ex
1706 1848 1831 1885 nihilo
1859 1848 1932 1890 est,
1962 1847 2014 1883 sit

346 1911 385 1946 ei
409 1910 626 1947 dissimilis.
1138 1943 1143 1946 .

485 1970 516 2005 2.
541 1969 605 2005 Ad
630 1969 854 2005 secundum
881 1968 1098 2005 dicendum
1124 1968 1232 2013 quod
1272 1967 1424 2012 duplex
1461 1968 1525 2003 est
1561 1976 1692 2012 genus
1731 1966 2013 2002 similitudinis.

346 2028 416 2064 Est
441 2027 549 2064 enim
576 2027 793 2064 similitudo
818 2027 954 2070 realis,
992 2027 1097 2063 sicut
1131 2027 1318 2072 potentia·
1351 2027 1489 2062 creata
1523 2025 1771 2062 assimilatur
1804 2025 2014 2070 potentiae
2033 2036 2068 2061 30

347 2086 565 2123 Creatoris.
602 2086 673 2122 Est
698 2087 739 2122 et
765 2086 845 2122 alia
870 2086 1089 2122 similitudo
1115 2085 1405 2126 intentionalis‚
1433 2085 1537 2121 sicut
1563 2084 1726 2130 species
1747 2084 1897 2121 coloris
1917 2083 2016 2120 assi-

348 2145 508 2181 milatur
533 2145 669 2181 colori.
720 2145 830 2182 Sicut
855 2145 977 2191 igitur
996 2145 1193 2187 videmus,
1220 2144 1328 2189 quod
1353 2144 1536 2180 rationes
1563 2144 1761 2185 causales,
1788 2153 1895 2188 quae
1922 2143 2016 2179 sunt

349 2204 389 2240 in
416 2205 515 2245 sole,
540 2204 693 2240 habent
718 2204 904 2240 diversas
930 2203 1204 2240 immutativas
1231 2202 1514 2239 similitudines
1541 2202 1582 2238 in
1604 2202 1776 2238 diversis
1796 2202 2015 2248 generibus

349 2263 550 2299 rationum
571 2262 837 2305 seminalium,
863 2272 968 2308 quae
989 2272 1063 2308 per
1083 2262 1308 2299 essentiam
1328 2261 1519 2298 differunt
1537 2262 1588 2297 ab
1608 2261 1796 2302 invicem,
1818 2261 1859 2296 et
1877 2261 2015 2297 tamen

349 2322 501 2358 habent
525 2321 686 2358 unicam
711 2321 1021 2358 intentionalem
1048 2320 1361 2362 similitudinem,
1400 2329 1544 2356 omnes
1575 2319 1665 2356 illas
1696 2319 1878 2356 rationes
1910 2319 2015 2355 tales
2035 2329 2069 2354 35

351 2380 670 2416 intentionaliter
695 2380 1031 2425 experimentem‚
1069 2389 1144 2425 per
1178 2389 1280 2425 quas
1307 2379 1447 2415 oculus
1473 2378 1677 2424 gloriosus
1703 2378 1745 2414 in
1769 2378 1890 2414 unico
1917 2378 2016 2414 solis

352 2439 465 2475 radio
491 2439 628 2484 potest
653 2438 794 2475 videre
821 2448 964 2475 omnes
989 2439 1172 2475 rationes
1199 2439 1315 2479 tales,
1343 2447 1448 2483 quae
1476 2438 1570 2473 sunt
1595 2437 1636 2473 in
1663 2437 1770 2474 sole:
1797 2437 1853 2473 ita
1880 2437 2015 2481 quoad

352 2497 502 2542 aliquid
528 2498 591 2533 est
616 2497 657 2532 in
682 2497 904 2542 proposito,
940 2498 1034 2543 quia
1066 2498 1292 2538 creaturae,
1328 2505 1433 2541 quae
1461 2497 1555 2532 sunt
1580 2505 1648 2532 res
1674 2495 1796 2537 fixae,
1832 2495 2017 2540 multipli-

353 2557 446 2591 cant
471 2555 739 2592 intentionem
764 2556 965 2592 rationum
992 2557 1252 2593 aeternarum
1276 2564 1348 2591 eas
1370 2554 1696 2599 exprimentium,
1723 2555 1763 2590 et
1783 2555 1921 2590 tamen
1942 2554 2016 2589 sub

352 2624 434 2650 una
458 2614 717 2650 similitudine
745 2615 908 2651 divinae
935 2615 1144 2652 essentiae
1170 2613 1426 2650 intentionali
1453 2613 1590 2649 omnia
1614 2613 1813 2649 videntur.
2036 2622 2071 2647 40

489 2674 521 2709 3.
548 2673 609 2709 Ad
635 2673 798 2709 tertium
823 2673 1038 2710 dicendum
1063 2674 1173 2719 quod
1199 2673 1306 2709 inter
1330 2681 1416 2708 rem
1437 2669 1755 2718 cognoscibilem
1775 2672 1816 2708 et
1836 2671 2017 2716 speciem

354 2741 468 2767 suam
494 2741 576 2767 non
603 2735 667 2768 est
693 2731 909 2768 similitudo
936 2732 1247 2768 univocationis.
1297 2731 1407 2767 Licet
1442 2739 1540 2776 ergo
1574 2731 1737 2775 species
1765 2730 1913 2767 coloris
1939 2730 2020 2766 albi

353 2789 443 2834 plus
469 2790 714 2826 assimiletur
739 2790 865 2826 colori
891 2791 1006 2836 nigro
1033 2791 1074 2826 in
1101 2789 1389 2826 convenientia
1414 2789 1516 2824 reali
1536 2799 1657 2834 quam
1676 2789 1812 2834 aliqua
1831 2790 2020 2825 creatura

495 2889 515 2919 1¹
533 2887 611 2927 sua]
630 2888 686 2920 sui
735 2887 813 2927 sua]
831 2889 887 2921 sui
983 2889 1002 2921 6
1023 2887 1274 2930 theophanias]
1294 2887 1524 2927 theophaniis
1581 2886 1839 2926 consentaneo]
1859 2895 2019 2919 consono

356 2940 398 2971 25
424 2939 632 2979 intellectui]
658 2940 878 2973 intellectum
973 2941 1016 2974 26
1043 2940 1346 2982 quantacumque]
1372 2942 1465 2982 qncsi
1562 2940 1604 2972 32
1631 2939 1804 2979 rationes]
1822 2939 2018 2972 rationales

495 3033 506 3054 1
533 3035 588 3066 PL
615 3035 690 3073 175,
719 3035 795 3067 955.
938 3033 953 3056 2
979 3035 1048 3067 Cir.
1075 3035 1189 3075 Aug,
1216 3035 1267 3067 De
1296 3034 1405 3073 Trin„
1432 3034 1486 3073 XI,
1515 3033 1534 3065 2
1561 3032 1630 3072 (PL
1656 3034 1709 3072 42,
1737 3034 1803 3066 997
1829 3042 1862 3065 n.
1891 3032 1936 3072 5).
