2095 3459
844 187 1014 225 Quaestio
1040 182 1076 222 Il.
1751 190 1791 224 17

270 283 324 320 28.
360 284 459 320 Item
498 294 778 330 quaecumque
819 286 969 321 habent
996 296 1126 331 genus
1167 297 1299 329 unum,
1339 290 1379 324 et
1418 289 1626 325 materiam
1661 298 1792 325 unam.

129 342 235 389 Ergo
272 353 362 379 cum
401 353 548 388 corpus
585 344 636 380 sit
674 344 846 380 effectus
887 346 1094 384 materiae,
1146 356 1426 392 quaecumque
1466 348 1715 384 conveniunt
1753 349 1791 384 in

127 412 295 448 genere,
323 404 574 439 conveniunt
600 404 639 439 in
667 413 850 449 corpore.
888 404 992 450 Ergo
1016 406 1118 441 sicut
1140 416 1287 451 corpus
1310 408 1527 443 humanum
1549 408 1611 444 est
1632 417 1792 452 corrup-

127 462 250 503 tibile,
277 462 336 497 sic
363 464 426 498 est
452 462 574 498 etiam
601 463 735 499 anima
760 464 982 500 rationalis.

91 529 107 554 5
267 521 320 557 29.
349 520 447 557 Item
475 531 594 558 omne
623 523 729 567 quod
757 532 782 558 a
802 523 994 559 versione
1017 524 1165 569 incipit,
1187 525 1224 560 in
1247 526 1481 562 versionem
1502 527 1630 563 tendit
1651 537 1793 563 secun-

126 581 218 617 dum
239 580 640 617 Damasoenum1.
660 584 672 625 ΙΙ
692 581 773 618 Sed
796 584 1019 618 secundum
1039 583 1431 621 Damascenum2
1456 585 1565 622 Deus
1594 587 1652 623 sic
1679 596 1789 623 crea·
1811 595 1870 628 sol.
1898 596 1998 630 36rb

125 641 235 676 turas
257 640 521 681 administrat,
544 642 584 676 ut
605 650 676 676 eas
705 642 937 686 proprio<s>
960 644 1091 678 motus
1115 653 1239 689 agere
1271 644 1386 680 sinat.
1424 644 1527 691 Ergo
1558 646 1680 683 debet
1709 646 1791 682 ani-

125 708 231 735 mam
257 700 491 744 permittere
520 700 675 736 moveri
702 702 925 736 secundum
954 702 1156 746 propriam
1183 703 1340 739 virtutis
1368 704 1682 741 inclinationem.

867 818 1044 856 Contra.
1812 830 1859 867 B.

75 918 106 944 10
265 902 296 937 1.
322 901 649 947 Augustinus,
677 901 735 937 De
766 902 872 937 Trin.
901 901 945 941 X,
972 904 1030 938 73.
1077 902 1174 946 „Qui
1202 904 1469 941 substantiam
1489 906 1649 942 animae
1670 907 1788 943 ratio-

125 959 229 996 nalis
258 960 382 996 vitam
418 962 622 1006 quandam
651 960 900 997 animantem
927 969 1074 1007 corpus
1101 964 1223 1007 atque
1250 963 1524 1000 vivificantem
1552 975 1646 1002 esse
1673 976 1788 1012 repe-

125 1020 276 1061 rerunt,
315 1021 621 1065 consequenter
646 1022 872 1065 posuerunt
898 1023 938 1056 et
963 1021 1242 1064 immortalem,
1282 1023 1375 1067 quia
1408 1023 1501 1060 viva
1536 1034 1676 1062 carere
1706 1026 1788 1063 vita

125 1087 208 1115 non
234 1079 404 1123 potest.“
457 1078 497 1115 Si
517 1079 636 1125 igitur
656 1079 791 1115 anima
810 1080 1020 1116 rationalis
1043 1083 1106 1116 est
1128 1081 1220 1117 viva
1241 1082 1525 1122 essentialiter,
1553 1094 1634 1121 non
1652 1086 1788 1130 potest

125 1137 276 1183 privari
300 1137 394 1174 vita.

74 1211 105 1236 15
264 1198 295 1234 2.
322 1196 421 1233 Item
446 1198 578 1244 arguit
606 1198 708 1234 sic4:
738 1197 875 1243 „Capit
894 1199 1119 1235 veritatem.
1147 1200 1306 1237 Veritas
1329 1202 1392 1237 est
1410 1201 1656 1239 immortalis.
1682 1203 1786 1250 Ergo

126 1256 313 1301 etipsaf‘
364 1256 451 1292 Hoc
478 1258 541 1293 est
567 1258 850 1303 argumentum
876 1257 915 1293 in
942 1258 1122 1303 pluribus
1150 1259 1261 1296 10015.

262 1317 295 1352 3.
334 1315 434 1352 Item
472 1315 761 1357 Anselmus,
798 1316 953 1353 Monol.
980 1317 1108 1354 LXIX.
1136 1321 1267 1363 eap.5:
1308 1319 1474 1363 „Anima
1511 1323 1607 1357 nata
1634 1323 1706 1363 est,
1746 1324 1787 1359 ut

124 1374 254 1411 Deum
275 1384 438 1420 semper
461 1375 609 1421 diligat.
655 1375 733 1411 Aut
758 1377 836 1412 1100
862 1376 1048 1413 habitura
1074 1379 1147 1419 est,
1175 1379 1215 1414 et
1240 1379 1335 1414 tunc
1357 1380 1419 1415 est
1438 1380 1692 1423 immortalis;
1719 1385 1787 1418 aut

126 1435 301 1477 nonest
325 1434 521 1477 habitura,
561 1436 668 1479 quod
696 1435 731 1470 si
767 1435 828 1477 sit,
863 1437 932 1471 aut
957 1436 1034 1472 1100
1073 1436 1231 1472 dimittit
1269 1439 1415 1482 sponte
1451 1439 1680 1484 aliquando,
1718 1444 1786 1478 aut

73 1507 106 1532 20
125 1493 338 1530 violenter.
378 1493 458 1530 Sed
479 1494 596 1530 nefas
619 1495 682 1530 est
702 1494 839 1530 dicere
861 1504 1058 1531 summam
1079 1496 1321 1541 sapientiam
1341 1498 1392 1533 ad
1416 1498 1492 1534 1100
1513 1508 1604 1535 eam
1622 1499 1785 1542 fecisse,

124 1553 168 1588 ut
192 1552 349 1589 amittat
373 1554 529 1589 tantum
555 1554 707 1589 bonum
740 1556 810 1590 aut
842 1555 1077 1590 contemnat
1109 1556 1178 1590 aut
1204 1555 1348 1591 volens
1376 1557 1517 1593 tenere
1544 1558 1679 1603 aliqua
1705 1560 1786 1596 vio-

124 1611 251 1648 lentia
275 1612 429 1658 perdat.
479 1612 621 1649 Restat
639 1612 759 1658 igitur
783 1614 826 1649 ut
851 1614 953 1649 haec
972 1613 1081 1650 facta
1101 1614 1162 1656 sit,
1188 1615 1231 1650 ut
1251 1614 1339 1651 sine
1358 1615 1442 1651 fine
1463 1618 1571 1653 amet
1590 1627 1785 1655 summam

126 1670 366 1714 essentiam;
392 1672 434 1708 at
459 1672 537 1708 11οο
562 1671 700 1708 facere
728 1682 811 1708 non
837 1673 984 1717 potest,
1011 1672 1090 1709 nisi
1116 1683 1280 1718 semper
1305 1674 1448 1710 vivat.“
1497 1674 1601 1722 Ergo
1629 1678 1704 1713 etc.

263 1731 295 1766 4.
333 1730 432 1767 Item
459 1733 610 1776 quanto
638 1732 866 1767 substantia
892 1733 955 1767 est
981 1730 1165 1771 nobilior,
1192 1734 1304 1769 tanto
1331 1733 1503 1770 nobilius
1530 1735 1653 1772 habet
1679 1745 1785 1772 esse.

74 1801 108 1827 25
129 1788 209 1825 Sed
231 1789 448 1834 spiritualis
471 1790 708 1831 substantia,
736 1791 778 1826 ut
795 1791 930 1826 anima
949 1791 1170 1829 rationalis.
1198 1792 1370 1828 nobilior
1391 1795 1454 1828 est
1474 1794 1582 1830 omni
1603 1804 1785 1839 corpore.

125 1847 229 1894 Ergo
269 1848 304 1884 si
341 1849 504 1894 aliquod
532 1858 679 1894 corpus
716 1850 780 1885 est
816 1849 1132 1895 incorruptibile.
1171 1853 1211 1886 et
1249 1851 1379 1887 omnis
1418 1852 1552 1888 anima
1576 1853 1785 1890 rationalis

126 1907 452 1953 incorruptibilis.

265 1968 296 2003 5.
334 1967 435 2003 Item
466 1967 563 2004 nihil
588 1968 743 2013 appetit
777 1969 1024 2010 naturaliter,
1060 1969 1138 2005 nisi
1163 1970 1214 2006 ad
1242 1971 1350 2015 quod
1377 1971 1440 2006 est
1466 1971 1693 2007 ordinatum
1719 1981 1786 2008 na—

127 2026 320 2062 turaliter.
371 2026 452 2063 Sed
472 2028 593 2063 homo
612 2027 850 2064 naturaliter
870 2029 1094 2064 secundum
1115 2029 1289 2065 animam
1310 2030 1465 2074 appetit
1483 2030 1785 2072 beatitudinem,

75 2096 110 2122 30
129 2095 234 2131 quae
250 2086 338 2122 sine
352 2086 653 2123 immortalitate
669 2096 764 2123 esse
779 2097 862 2123 non
876 2088 1022 2132 potest.
1049 2087 1154 2134 Ergo
1177 2089 1240 2124 est
1259 2089 1495 2125 naturaliter
1514 2089 1749 2126 immortalis
1761 2093 1785 2126 6.

265 2146 297 2181 6.
323 2144 422 2181 Item
443 2155 724 2191 quaecumque
744 2146 871 2182 virtus
893 2149 1084 2191 operatur
1105 2147 1193 2183 sine
1215 2157 1398 2192 corpore,
1424 2149 1561 2193 potest
1581 2158 1675 2185 esse
1697 2149 1785 2185 sine

128 2212 300 2249 corpore
312 2206 336 2240 ⁷.
364 2204 445 2240 Sed
465 2204 601 2241 anima
618 2205 829 2241 rationalis
850 2207 1074 2242 secundum
1094 2207 1296 2243 Philoso
1309 2207 1475 2252 phumss
1492 2217 1574 2243 non
1596 2210 1787 2252 operatur

128 2263 334 2299 mediante
361 2272 544 2308 corpore.
592 2263 698 2310 Ergo
724 2266 860 2309 potest
887 2274 981 2300 esse
1009 2265 1097 2301 sine
1125 2275 1308 2311 corpore.

261 2367 286 2412 ν8
313 2367 496 2408 permittit]
523 2368 730 2409 permittere
805 2369 937 2401 11—12
964 2369 1189 2410 repererunt]
1214 2371 1429 2410 receperunt
1524 2371 1565 2403 14
1591 2370 1678 2409 vita]
1704 2372 1787 2403 viva

131 2420 172 2453 19
200 2419 307 2461 quod]
335 2421 420 2461 quia
499 2421 540 2453 21
567 2420 706 2460 volens]
732 2422 859 2454 nolens
937 2422 979 2454 22
1006 2422 1112 2461 amet]
1139 2423 1267 2463 perdat
1353 2422 1394 2455 23
1422 2422 1469 2461 at]
1497 2424 1557 2456 aut

267 2519 281 2542 1
306 2521 397 2554 Vide
422 2530 534 2562 supra
558 2530 593 2562 p.
620 2522 673 2562 13,
700 2523 771 2555 not.
800 2522 836 2562 8;
863 2522 926 2555 cfr.
953 2523 1061 2555 etiam
1085 2532 1119 2564 p.
1147 2523 1200 2562 20,
1227 2525 1298 2555 not.
1327 2524 1346 2556 3
1373 2524 1409 2556 et
1434 2524 1464 2556 4.

268 2572 284 2595 2
307 2574 642 2607 Damascenus‘?
691 2575 761 2607 Sed
794 2575 876 2608 vide
910 2575 1033 2616 Aug..
1072 2576 1123 2608 De
1149 2576 1222 2609 Civ.
1250 2575 1317 2608 Dei
1341 2576 1412 2615 VII,
1438 2577 1480 2609 30
1518 2574 1588 2616 (PL
1614 2577 1666 2616 41,
1694 2576 1785 2616 220).

134 2626 213 2667 „Sic
238 2627 362 2668 itaque
388 2628 613 2660 administrat
638 2629 766 2667 omnia,
807 2637 899 2668 quae
926 2629 1072 2668 creavit,
1108 2629 1146 2661 ut
1171 2629 1278 2662 etiam
1302 2629 1384 2670 ipsa
1414 2629 1579 2670 proprios
1613 2638 1786 2662 exercere

132 2681 167 2713 et
192 2689 303 2722 agere
327 2681 445 2713 motus
470 2680 597 2713 sinat.“

270 2732 286 2755 3
309 2734 365 2766 PL
391 2734 445 2774 42,
472 2734 548 2774 978,
575 2743 608 2766 n.
635 2735 665 2767 9.
784 2733 800 2756 4
823 2734 912 2767 Vide
941 2743 1053 2775 supra
1077 2744 1110 2775 p.
1139 2735 1192 2774 13,
1217 2737 1289 2768 not.
1316 2736 1346 2768 3.
1487 2735 1501 2757 ⁵
1525 2735 1581 2768 PL
1606 2735 1682 2774 158,
1709 2736 1785 2769 215.

271 2785 286 2808 6
310 2786 490 2827 Principia
514 2787 618 2819 huius
644 2787 847 2828 argumenti
870 2788 1095 2820 insinuantur
1119 2788 1164 2820 ab
1188 2788 1338 2828 Arist„
1364 2788 1478 2820 Ethic.
1504 2788 1527 2827 I,
1549 2789 1565 2820 1
1586 2797 1662 2828 seq.
1684 2789 1719 2821 et
1742 2789 1787 2821 ab

132 2838 253 2880 Aug,
273 2840 326 2872 De
342 2840 439 2872 Trin.
459 2840 543 2878 XIII,
561 2841 579 2872 7
606 2838 677 2879 (PL
691 2841 745 2880 42,
761 2840 860 2879 1020,
875 2850 908 2873 11.
926 2840 966 2872 10
981 2839 1085 2881 seq.).
1129 2840 1218 2873 Vide
1242 2841 1418 2879 Bonav.,
1442 2840 1507 2882 Op.
1523 2848 1620 2873 omn.
1635 2841 1673 2880 ΙΙ,
1689 2839 1785 2874 4592.

269 2890 284 2914 ⁷
308 2892 398 2925 Vide
423 2893 666 2932 Avicenna,
692 2893 747 2925 VI.
768 2893 852 2926 Nat.
872 2893 913 2932 V,
935 2894 965 2932 2,
994 2893 1053 2925 ubi
1079 2894 1146 2925 1100
1172 2894 1419 2934 argumentum
1447 2893 1553 2926 latius
1583 2894 1786 2934 exponitur.

269 2944 285 2966 8
309 2946 361 2978 De
384 2945 506 2978 Anim.
539 2945 591 2985 III,
620 2947 638 2978 4
673 2944 776 2985 (text.
805 2945 871 2986 15).
933 2946 996 2985 „Et
1031 2947 1111 2987 ipse
1147 2945 1375 2985 (intellectus)
1415 2946 1522 2978 etiarn
1554 2946 1786 2987 intelligibilis

133 2999 199 3037 est,
236 2998 327 3031 sicut
362 2999 444 3039 ipsa
480 2998 749 3040 intelligibilia.“
801 2999 870 3032 Cir.
904 2999 1037 3032 ibidem
1062 2999 1114 3037 III,
1142 3000 1160 3031 2
1196 2998 1247 3038 (ΙΙ.
1274 3000 1363 3032 text.
1392 2999 1455 3031 136
1482 2997 1620 3039 seqq.];
1658 2998 1785 3038 Mami.

72 3071 76 3075 -
133 3050 227 3084 Mor.
253 3051 277 3090 Ι,
305 3051 346 3084 18
373 3049 466 3091 (17);
492 3052 549 3084 1110
574 3061 607 3092 p.
635 3052 688 3090 21,
714 3053 785 3085 not.
814 3053 843 3084 1.

202 3116 316 3144 Beitr.
336 3117 405 3149 XIX,
420 3118 436 3144 5
450 3118 472 3144 0.
493 3117 709 3152 Hieronym.
729 3118 965 3152 Spettmann,
988 3118 1135 3146 ι1011011015
1151 3118 1289 3146 Pechami
1305 3117 1511 3148 Quaestiones.
1653 3116 1670 3147 2
