2095 3459
319 178 362 220 18
827 180 849 218 J
852 185 1006 218 ohannis
1030 178 1200 217 Pechami
1226 177 1476 222 Quaestiones.

458 284 489 318 7.
527 282 627 318 Item
663 281 795 318 omnis
829 281 1014 327 operatio
1047 280 1291 318 indeficiens
1319 282 1383 317 est
1408 291 1432 317 a
1458 282 1686 318 substantia
1710 281 1984 319 indeficiente.

321 341 402 378 Sed
429 341 660 377 intellectus
688 341 812 377 habet
838 340 1122 385 operationem
1141 340 1457 376 indeficientem.
1508 339 1624 381 Quod
1645 342 1857 385 probatur:
1884 341 1986 382 Quia

320 410 399 437 nec
425 400 694 445 corrumpitur
720 399 1000 445 magnitudine
1027 399 1179 436 obiecti
1203 399 1269 435 vel
1297 399 1543 435 excellentia
1555 402 1578 435 1.
1627 399 1751 436 Immo
1779 409 1832 436 ex
1852 401 1987 437 excel-

319 459 420 496 lenti
458 460 620 495 obiecto
659 458 703 494 fit
740 458 874 503 aptior
908 459 959 494 ad
985 458 1294 504 intelligendum
1320 458 1410 494 alia.
1459 458 1543 494 Nec
1570 459 1837 504 corrumpitur
1863 460 1988 496 conti-

321 519 516 554 nuatione
544 517 795 563 operationis
823 527 936 559 suae,
974 517 1069 562 quia
1092 518 1243 562 quanto
1270 518 1392 553 homo
1419 517 1581 563 longius
1602 518 1717 559 ¹vivit,
1755 519 1867 554 tanto
1904 518 1988 554 lim·
2006 524 2022 550 5

317 577 453 622 -pidius
480 577 667 623 intelligit
677 579 702 612 2.

461 637 493 672 8.
530 636 629 672 Item
665 636 798 672 nullus
832 636 1058 672 secundum
1083 635 1273 671 virtutem
1301 635 1457 681 eligens
1485 635 1596 682 eligit
1621 646 1704 672 non
1731 646 1836 673 esse.
1887 636 1990 678 Quia

322 695 420 731 nihil
447 695 606 741 eligitur
631 695 711 731 nisi
735 695 888 731 bonum
914 694 1150 739 simpliciter
1169 695 1235 730 vel
1255 704 1471 740 apparens.
1521 694 1602 731 Sed
1622 696 1743 731 homo
1765 697 1990 732 secundum

322 754 512 790 virtutem
532 754 700 790 moritur
719 763 792 799 pro
815 754 967 790 iustitia
977 756 1001 789 ³.
1037 752 1142 799 Ergo
1169 754 1271 789 mori
1291 763 1373 790 non
1396 754 1459 789 est
1478 754 1702 790 adnihilari.
1741 754 1820 791 Sed
1842 764 1989 800 corpus

323 813 601 858 corrumpitur.
650 812 754 859 Ergo
781 813 865 849 vita
890 813 1052 849 animae
1078 813 1227 849 manet.
2011 820 2044 845 15

461 873 493 908 9.
533 872 633 908 Item
669 873 733 908 est
771 872 976 916 corruptio
1011 880 1086 916 per
1124 872 1371 908 contrarium
1397 873 1438 908 et
1462 881 1536 917 per
1562 872 1766 909 defectum
1779 875 1803 909 4.
1852 873 1900 909 Et
1924 873 1991 909 illa

323 941 428 976 quae
457 932 520 967 est
544 940 618 976 per
644 930 850 967 defectum
875 930 937 966 rei
962 930 1002 966 in
1030 940 1088 972 se,
1115 931 1322 967 reducitur
1356 932 1407 967 ad
1443 931 1745 977 corruptionem
1771 932 1991 969 contrarie-

322 990 428 1026 tatis.
466 989 571 1036 Ergo
593 991 702 1036 quod
723 1000 806 1026 non
826 990 951 1026 habet
971 990 1229 1032 contrarium,
1255 990 1365 1026 nullo
1387 991 1508 1026 modo
1531 991 1808 1036 corrumpitur.
1846 991 1992 1040 Anima

322 1049 533 1085 rationalis
560 1059 643 1085 non
669 1050 794 1086 habet
819 1049 1077 1085 contrarium.
1127 1048 1232 1095 Ergo
1259 1058 1343 1085 non
1364 1050 1632 1094 corrumpitur
1650 1050 1827 1087 omnino.
1874 1050 1990 1092 Quod

323 1109 461 1145 autem
487 1109 734 1145 contrarium
760 1118 844 1144 non
870 1108 994 1144 habet
1020 1109 1144 1153 patet,
1183 1108 1277 1153 quia
1311 1108 1418 1144 actio
1455 1108 1543 1144 eius
1576 1109 1750 1154 propria,
1790 1119 1895 1155 quae
1928 1111 1992 1146 est
2010 1114 2045 1140 20

324 1167 365 1203 in
393 1168 706 1209 considerando,
733 1177 816 1203 non
843 1168 967 1203 habet
993 1167 1251 1203 contrarium.

465 1227 519 1263 10.
546 1226 645 1263 Item
671 1226 808 1263 anim-a
832 1226 1057 1265 rationalis,
1093 1228 1244 1271 quanto
1280 1226 1409 1272 magis
1437 1236 1483 1262 se
1509 1228 1679 1263 retrahit
1703 1237 1728 1264 a
1754 1237 1925 1273 corpore
1953 1229 1994 1264 et

328 1286 519 1322 sensibus
547 1286 838 1331 corporalibus,
876 1286 989 1321 tanto
1027 1286 1091 1321 est
1116 1284 1372 1330 perfectioris
1399 1285 1642 1323 intellectus.
1691 1286 1796 1333 Ergo
1823 1287 1910 1323 eius
1936 1288 1993 1324 in—

325 1345 513 1381 tellectus
540 1345 650 1381 nullo
676 1345 798 1380 modo
826 1345 1035 1389 dependet
1061 1354 1085 1380 a
1111 1354 1296 1389 corpore,
1336 1345 1377 1380 et
1413 1345 1469 1380 ita
1506 1355 1584 1381 nec
1618 1355 1692 1391 per
1730 1356 1991 1391 consequens

318 1404 413 1440 ¹eius
451 1405 644 1446 essentia,
683 1404 776 1449 quia
815 1403 1043 1440 substantia
1081 1403 1343 1449 cognoscitur
1380 1413 1454 1448 per
1488 1405 1712 1449 potentiam
1745 1406 1785 1441 et
1809 1405 1993 1450 potentia
2012 1413 2045 1439 25

325 1473 399 1509 per
425 1464 717 1508 operationem.

467 1525 520 1559 11.
556 1523 655 1559 Item
682 1522 716 1558 si
742 1522 877 1558 anima
903 1522 1114 1558 rationalis
1142 1523 1205 1558 est
1231 1522 1412 1558 mortalis
1440 1523 1481 1558 et
1506 1523 1788 1568 corruptibilis,
1826 1524 1895 1560 aut
1920 1533 1993 1569 per

327 1583 513 1619 naturam
540 1584 609 1619 aut
633 1591 707 1627 per
732 1582 979 1618 violentiam.
1017 1581 1106 1618 Non
1132 1591 1207 1627 per
1226 1583 1423 1623 naturam,
1449 1582 1543 1627 quia
1562 1592 1646 1619 non
1666 1583 1789 1619 habet
1808 1583 1993 1619 naturam

328 1641 678 1677 transmutabilem
704 1640 844 1677 formis
872 1640 1086 1677 contrariis
1114 1641 1350 1677 subiectam.
1400 1641 1484 1677 Nec
1518 1651 1592 1686 per
1617 1641 1864 1684 violentiam,
1900 1642 1994 1687 quia

327 1700 425 1736 nihil
452 1701 515 1736 est
542 1700 801 1745 corruptibile
835 1709 908 1744 per
933 1699 1182 1741 violentiam,
1221 1700 1329 1745 quod
1368 1710 1451 1736 non
1489 1700 1540 1736 sit
1578 1700 1700 1736 etiam
1733 1700 1992 1746 corruptibile
2012 1706 2046 1732 30

328 1768 401 1804 per
427 1760 623 1795 naturam.
672 1758 777 1805 Ergo
806 1760 880 1795 etc.

467 1819 521 1854 12.
558 1818 658 1854 Item
695 1818 805 1854 nulla
843 1818 1072 1854 substantia
1110 1819 1223 1854 stans
1262 1828 1335 1863 per
1373 1818 1608 1860 essentiam,
1646 1819 1758 1855 addit
1783 1819 1993 1856 materiam

328 1887 451 1922 super
477 1877 658 1922 speciem
686 1887 812 1914 suam.
862 1877 1008 1913 Anima
1035 1878 1115 1913 stat
1137 1887 1211 1922 per
1237 1878 1460 1913 essentiam
1482 1887 1607 1914 suam.
1656 1877 1762 1924 Ergo
1782 1887 1865 1914 non
1883 1878 1995 1914 addit

327 1937 539 1973 materiam
565 1946 689 1982 super
715 1937 897 1982 speciem
924 1946 1050 1972 suam.
1099 1936 1204 1982 Ergo
1241 1947 1323 1973 non
1363 1938 1426 1973 est
1463 1937 1502 1973 in
1538 1937 1723 1982 potentia
1754 1937 1806 1973 ad
1833 1946 1994 1982 corrup-

327 1996 492 2037 tionem,
531 2006 621 2032 cum
658 1996 749 2032 talis
788 1995 973 2041 potentia
1009 1995 1214 2031 radicatur
1251 1996 1291 2031 in
1330 1996 1510 2032 materia.
1569 1995 1616 2032 Et
1653 1996 1758 2032 haec
1792 1997 1856 2032 est
1889 1996 1992 2032 ratio
2012 2000 2045 2026 35

329 2055 638 2091 Avicennae
666 2055 728 2091 Vl.
755 2055 1065 2091 Nataralium5.

469 2115 521 2150 13.
562 2114 659 2150 Item
686 2114 963 2150 Avicenna
988 2114 1028 2150 in
1057 2114 1224 2150 eodem:
1253 2114 1316 2158 „Si
1341 2114 1477 2151 anima
1501 2114 1711 2151 rationalis
1738 2115 1946 2160 dependet
1970 2124 1994 2151 a

330 2183 514 2218 corpore,
542 2176 611 2209 aut
631 2174 734 2210 sicut
755 2173 872 2209 simul
899 2183 973 2209 ens
1001 2183 1091 2209 cum
1117 2173 1218 2218 ipso,
1245 2174 1314 2209 aut
1341 2174 1444 2210 sicut
1470 2175 1638 2210 causata
1663 2174 1714 2210 ab
1740 2173 1841 2219 ipso.
1892 2173 1933 2210 Si
1951 2175 1995 2210 ut

330 2232 458 2274 simul,
497 2233 567 2268 aut
604 2233 681 2268 hoc
714 2232 752 2268 ei
791 2233 854 2268 est
892 2232 1117 2268 essentiale
1156 2233 1225 2268 aut
1250 2233 1517 2269 accidentale.
1569 2232 1609 2269 Si
1636 2233 1869 2275 essentiale,
1899 2234 1994 2269 tunc

471 2349 512 2381 14
532 2348 692 2388 moritur]
712 2349 801 2381 mori
822 2358 904 2381 eum
924 2349 1033 2389 siyno
1054 2357 1287 2382 correcturae
1359 2348 1401 2381 20
1422 2347 1528 2387 actio]
1549 2349 1728 2381 distinctio
1800 2350 1843 2382 25
1864 2358 1995 2390 cogno-

330 2400 451 2440 scitur]
478 2402 664 2443 cognoscit
768 2402 810 2434 28
836 2401 945 2434 habet
969 2402 1134 2434 naturam
1159 2398 1480 2440 transmutabilem]
1514 2401 1624 2434 habet
1649 2402 1994 2435 intransmutabilem

329 2454 372 2486 38
398 2453 560 2493 causata]
586 2456 715 2487 cuncta

470 2566 482 2588 1
509 2567 578 2600 Cfr.
604 2567 760 2606 Arist,
787 2568 838 2600 De
862 2568 985 2606 Anim.
1011 2568 1050 2607 II,
1079 2567 1120 2600 12
1146 2566 1250 2607 (text.
1279 2568 1364 2606 123;
1394 2566 1491 2607 143);
1517 2567 1571 2607 ΙΙΙ,
1598 2568 1617 2601 2
1636 2569 1671 2600 et
1691 2568 1710 2600 4
1737 2566 1838 2608 (text.
1866 2564 1912 2610 7).

469 2619 484 2641 2
508 2620 598 2653 Vide
623 2620 771 2659 Ar1st.,
798 2621 850 2653 De
873 2620 995 2653 Anim.
1022 2621 1046 2660 1,
1075 2622 1091 2653 1
1119 2619 1221 2660 (text.
1251 2621 1291 2653 12
1313 2619 1449 2661 seqq.);
1481 2621 1504 2659 Ι,
1532 2621 1550 2652 4
1578 2618 1681 2661 (text.
1700 2621 1744 2653 65
1764 2620 1874 2661 seq.);
1900 2621 1953 2661 111,
1975 2623 1993 2652 4

330 2672 432 2713 (text.
461 2673 479 2705 4
506 2672 642 2714 seqq.];
668 2673 909 2715 Afflcenna,
932 2673 988 2706 VI.
1014 2674 1099 2706 Nat.
1124 2673 1166 2719 V,
1194 2674 1224 2707 2.
1274 2673 1343 2706 Cfr.
1371 2674 1457 2706 Job
1486 2674 1536 2713 12,
1566 2674 1618 2707 12.

469 2725 484 2748 3
510 2726 580 2759 Cfr.
612 2726 761 2765 Arist.⁷
794 2727 908 2760 E'thic.
933 2727 988 2766 ΙΙΙ,
1012 2728 1040 2760 1.
1093 2727 1299 2766 „Quaedam
1337 2728 1456 2760 autem
1494 2727 1650 2760 fortasse
1687 2728 1779 2766 sunt,
1818 2727 1863 2760 ad
1901 2735 1994 2768 quae

331 2779 578 2820 perpetranda
602 2788 708 2812 nemo
735 2780 815 2821 cogi
841 2780 1055 2821 compellive
1080 2781 1211 2821 potest,
1239 2780 1303 2812 sed
1329 2780 1449 2820 potius
1477 2783 1641 2813 extrema
1667 2789 1835 2820 quaeque
1854 2780 1928 2821 pati
1952 2788 1995 2813 ac

332 2832 422 2865 mori
447 2831 648 2865 convenit.“

470 2884 484 2906 4
510 2884 580 2917 Cir.
606 2885 769 2925 Arist,
795 2885 847 2918 De
870 2885 1014 2926 Lonyit.
1042 2887 1075 2918 et
1098 2886 1203 2918 Brev.
1231 2886 1330 2918 Vitae
1355 2895 1384 2918 c.
1412 2886 1451 2925 2;
1477 2886 1529 2918 De
1547 2886 1693 2918 Juvent.
1714 2887 1748 2918 et
1765 2885 1900 2919 Senect.
1927 2887 1993 2918 etc.

335 2946 364 2970 c.
387 2939 406 2969 5
427 2936 471 2977 (c.
492 2936 538 2977 3).
587 2937 625 2969 In
652 2938 719 2970 hoc
745 2938 815 2970 duo
841 2939 936 2971 modi
962 2938 1202 2979 corruptionis
1221 2939 1474 2971 recensentur:
1502 2947 1524 2971 a
1543 2947 1584 2971 se
1601 2938 1681 2979 ipso
1701 2939 1737 2971 et
1756 2947 1778 2971 a
1795 2939 1993 2976 cona-arim

333 2990 368 3022 in
393 2991 453 3023 illo
478 2990 611 3030 triplex
637 2991 763 3023 modus
789 2991 1028 3032 corruptionis
1055 2991 1261 3024 insinuatur.

471 3042 485 3065 ὅ
511 3043 550 3083 V,
579 3044 609 3076 2.
659 3044 800 3076 Ibidem
825 3044 888 3077 cfr.
916 3044 1034 3084 quoad
1059 3045 1218 3076 rationes
1243 3045 1516 3085 praecedentes.
