2095 3459
102 2083 164 2115 rol.
189 2083 257 2116 3ου
269 2091 293 2115 α

144 2463 194 2498 D.

220 2463 286 2498 XI.

314 213 378 248 102
825 218 1000 251 «Iohannis
1027 218 1193 252 Pechami
1220 211 1469 257 Quaestiones.

313 313 440 348 data.“
492 312 696 358 Amplius:
723 313 914 351 Secundo
941 315 1096 360 appetit
1121 315 1226 351 uniri
1246 316 1406 361 corpori
1427 315 1701 356 consimiliter,
1727 314 1770 348 ut
1790 313 1985 350 exerceat

313 380 359 407 se
385 371 427 407 in
453 380 628 416 corpore
653 373 839 418 regendo
867 375 908 410 et
933 383 1008 419 per
1034 383 1295 419 consequens
1321 374 1617 420 perfectionem
1651 372 1844 418 acquirat.
1893 371 1985 408 Per—

310 430 434 466 fectio
462 430 571 466 enim
598 432 814 468 creaturae
840 432 1062 478 acquiritur
1086 442 1160 478 per
1185 434 1300 469 actus
1333 433 1504 470 nobiles.
1555 432 1634 468 Sed
1670 432 1786 468 actus
1821 431 1985 476 quidam

313 490 406 525 sunt
432 490 591 526 nobiles
620 500 673 527 ex
700 491 914 534 arduitate,
941 492 1105 538 quidam
1130 502 1229 529 vero
1257 502 1311 529 ex
1336 492 1575 529 difficultate
1600 492 1667 528 vel
1693 490 1876 527 utilitate.
1924 489 1985 525 Ex

311 548 513 585 arduitate
548 550 715 595 generis
750 551 904 596 proprii
939 553 1034 587 sunt
1067 552 1227 588 nobiles
1260 553 1375 588 actus
1401 550 1769 597 intelligentiarum.
1819 548 1867 585 Et
1891 548 1983 585 ideo
2004 555 2020 580 5

312 607 449 643 statim
473 617 556 644 uno
582 609 705 645 modo
732 609 898 646 fuerunt
922 611 1044 655 aptae
1071 611 1285 655 acquirere
1311 610 1609 656 perfectionem
1635 619 1761 645 suam.
1811 608 1901 644 Non
1927 607 1986 644 sic

311 667 436 702 habet
462 668 656 712 separata
681 669 796 704 actus
824 670 975 705 arduos
1003 679 1057 706 ex
1083 670 1238 706 natura.
1288 670 1412 705 Immo
1448 669 1554 706 sicut
1588 668 1685 705 dicit
1718 669 1860 704 auctor
1896 667 1986 703 libri

312 725 371 761 De
395 725 526 762 Fonte
553 726 710 763 Vitael:
740 727 909 770 „Anima
929 730 993 765 est
1013 728 1244 765 substantia
1262 729 1519 774 incorporea,
1544 727 1820 773 intelligibilis,
1847 726 1986 763 illumi-

312 784 534 827 nationum,
574 795 680 830 quae
716 788 811 822 sunt
845 797 870 823 a
904 787 1045 832 primo,
1084 788 1224 824 ultima
1257 788 1458 824 relatione
1493 786 1763 832 perceptiva.“
1814 785 1862 821 Et
1891 785 1985 822 ideo

311 844 467 888 appetit
492 844 598 880 uniri
624 846 797 890 corpori,
824 847 868 882 ut
894 848 1139 883 exerceatur
1164 847 1204 883 in
1231 847 1388 883 actibus
1415 845 1716 891 quodammodo
1744 844 1985 885 difficilibus,
2008 854 2039 879 10

311 902 377 938 vel
403 903 564 939 ratione
590 903 831 950 fiagflitatis,
867 906 911 941 ut
935 905 977 941 in
1005 907 1112 942 statu
1138 906 1411 948 innocentiae,
1450 905 1516 942 vel
1547 904 1706 941 ratione
1734 904 1985 945 calamitatis,

312 962 355 997 ut
380 961 421 997 in
448 963 556 998 statu
583 962 785 1001 miseriae.
836 964 878 999 ln
909 964 971 1000 his
1002 965 1139 1001 autem
1166 965 1350 1001 exercita
1374 964 1535 1009 proiicit
1560 964 1612 1000 ad
1638 963 1799 999 habitus
1827 963 1986 999 nobiles

311 1021 599 1066 acquirendos,
626 1023 669 1058 ut
695 1032 801 1067 quae
828 1023 968 1059 ultima
995 1025 1058 1060 est
1085 1024 1228 1060 ordine
1255 1024 1438 1066 naturae,
1467 1024 1612 1068 posset
1638 1031 1873 1068 supremum
1898 1031 1988 1067 per-

311 1080 470 1125 tingere
497 1090 572 1125 per
597 1081 785 1119 meritum
811 1083 1062 1128 angelorum.

450 1139 670 1176 Inclinatur
696 1141 816 1186 igitur
842 1142 980 1178 anima
1005 1142 1057 1178 ad
1084 1151 1232 1187 corpus
1259 1142 1321 1178 his
1348 1143 1399 1178 de
1435 1142 1590 1178 causis:
1628 1141 1681 1178 Ut
1716 1140 1988 1177 communicet
2008 1147 2040 1173 15

313 1198 475 1243 corpori
500 1199 799 1244 perfectionem
826 1210 953 1241 suam,
980 1201 1250 1246 imprimendo
1278 1201 1314 1239 ei
1342 1201 1476 1237 vitam.
1526 1201 1626 1237 Item
1658 1201 1701 1236 ut
1733 1209 1806 1245 per
1832 1200 1987 1236 exerci-

311 1257 420 1299 tium,
448 1259 557 1303 quod
584 1260 703 1295 extra
721 1268 870 1304 corpus
890 1260 1046 1296 habere
1065 1270 1148 1296 non
1168 1261 1315 1305 potest,
1342 1260 1525 1305 acquirat
1544 1259 1839 1305 perfectionem
1860 1268 1987 1295 suam.

311 1315 526 1361 Appetitus
549 1326 648 1363 ergo
669 1317 748 1354 iste
771 1320 835 1354 est
854 1319 1132 1364 principaliter
1153 1319 1371 1356 essentiae.
1405 1318 1453 1355 Et
1472 1319 1566 1355 ideo
1587 1328 1661 1364 per
1681 1317 1988 1354 inclinationem

312 1375 522 1412 essentiae
560 1377 771 1421 potentiae
811 1378 1047 1423 superiores
1085 1378 1231 1423 partim
1269 1378 1560 1420 inclina<n>tur
1595 1388 1686 1414 cum
1721 1387 1796 1413 sua
1831 1376 1986 1419 radice;

311 1434 497 1479 quamvis
524 1435 635 1471 nulla
660 1436 846 1481 potentia
871 1437 1004 1482 possit
1028 1437 1149 1473 aliam
1168 1438 1386 1479 attrahere,
1413 1437 1508 1482 quia
1528 1436 1691 1473 cuilibet
1710 1436 1986 1481 praescriptus
2007 1442 2040 1467 20

312 1494 376 1529 est
412 1494 559 1530 modus
595 1504 693 1531 suus
729 1496 938 1537 naturalis,
977 1497 1020 1532 ut
1045 1496 1178 1537 video,
1218 1497 1327 1541 quod
1365 1497 1532 1541 propter
1569 1495 1846 1542 cognitionem
1884 1495 1988 1531 uniri

311 1553 489 1597 appetat,
505 1563 597 1589 cum
611 1553 816 1599 limpidius
833 1557 1059 1600 cognoscat
1073 1557 1266 1600 separata
1281 1565 1401 1600 quam
1422 1555 1640 1591 coniuncta
1661 1554 1822 1600 corpori
1841 1555 1986 1591 anima.

311 1610 393 1648 Sed
419 1612 631 1656 praedicta
656 1623 740 1649 non
766 1614 903 1658 potest
928 1614 1082 1650 habere
1109 1614 1187 1651 nisi
1212 1615 1253 1651 in
1281 1624 1466 1660 corpore.

451 1669 634 1708 Concedi
647 1671 769 1718 igitur
781 1674 958 1717 possunt
971 1673 1152 1710 rationes
1167 1674 1220 1710 ad
1234 1674 1404 1719 primam
1417 1675 1576 1719 partem
1595 1674 1796 1715 inductae,
1813 1674 1989 1718 excepta

311 1731 417 1765 una2
443 1739 549 1775 quae
576 1732 721 1775 posset
747 1732 899 1768 ducere
925 1732 967 1768 in
995 1742 1176 1769 errorem
1203 1734 1254 1769 de
1280 1742 1427 1778 poena,
1460 1732 1653 1778 quoniam
1681 1732 1785 1768 forte
1817 1731 1988 1768 concedi
2007 1736 2041 1762 25

311 1789 466 1833 posset,
493 1790 603 1834 quod
624 1789 680 1825 ibi
700 1790 765 1826 est
784 1800 923 1835 poena
943 1791 1090 1833 damni,
1118 1801 1200 1827 non
1221 1801 1359 1836 poena
1379 1801 1540 1832 sensus,
1567 1791 1759 1836 quoniam
1781 1790 1987 1835 separatio

312 1848 496 1893 corporis
525 1848 727 1884 damnosa
754 1850 818 1885 est
843 1849 1006 1886 animae
1034 1850 1138 1886 sicut
1162 1850 1365 1887 restitutio
1401 1851 1585 1895 corporis
1620 1850 1794 1886 lucrosa.
1845 1849 1919 1885 Vel
1955 1849 1989 1886 si

312 1916 395 1943 non
422 1907 558 1952 placet
583 1907 639 1944 ibi
665 1907 801 1953 aliquo
829 1909 951 1945 modo
978 1918 1135 1954 ponere
1161 1919 1350 1954 poenam,
1378 1908 1457 1945 dici
1482 1910 1620 1954 potest
1645 1909 1753 1954 quod
1781 1909 1988 1954 separatio

311 1965 367 2002 ibi
392 1975 476 2002 non
502 1967 628 2002 habet
656 1967 821 2003 modum
846 1977 1021 2013 poenae,
1060 1968 1252 2013 quoniam
1281 1969 1390 2013 quod
1412 1968 1486 2004 fuit
1511 1968 1552 2004 in
1578 1977 1756 2013 poenam
1781 1968 1987 2009 inflictum,

311 2033 477 2061 versum
505 2027 568 2061 est
594 2026 635 2061 in
662 2026 850 2062 meritum
876 2036 952 2071 per
976 2028 1128 2063 bonum
1154 2037 1272 2063 usum
1292 2027 1445 2063 mortis.
1484 2027 1602 2063 Unde
1624 2036 1730 2072 quae
1750 2027 1825 2063 fuit
1843 2026 1989 2062 instru-
2008 2035 2042 2061 30

312 2084 495 2120 mentum
520 2094 695 2129 poenae,
715 2086 728 2127 ΙΙ
746 2095 821 2129 per
847 2085 1050 2122 Christum
1074 2086 1183 2122 facta
1210 2087 1273 2122 est
1298 2086 1610 2123 instrumentum
1639 2085 1828 2127 iustitiae,
1857 2087 1897 2122 et
1916 2095 1989 2130 per

313 2152 576 2188 consequens
599 2144 818 2188 separatio,
833 2154 945 2189 quae
968 2154 1022 2181 ex
1042 2154 1092 2181 ea
1111 2145 1304 2190 sequitur,
1325 2154 1408 2181 non
1429 2145 1493 2180 est
1512 2154 1659 2189 poena.
1685 2143 1732 2180 Et
1752 2145 1830 2181 hoc
1850 2144 1988 2181 dicere

312 2201 353 2237 in
378 2201 512 2238 beatis
537 2202 711 2239 forsitan
738 2205 802 2240 est
827 2203 1025 2240 securius.

452 2260 543 2297 Alia
569 2262 693 2298 etiam
719 2264 963 2309 argumenta
988 2263 1164 2308 probant
1198 2263 1400 2308 quaedam
1436 2263 1545 2308 quod
1580 2263 1716 2299 anima
1753 2263 1989 2308 simpliciter

312 2319 353 2355 in
392 2329 566 2365 corpore
606 2321 754 2357 clarius
793 2322 980 2367 intelligit
1018 2331 1139 2367 quam
1176 2322 1228 2358 ab
1266 2322 1356 2367 ipso
1393 2323 1594 2367 separata,
1633 2331 1803 2367 quorum
1840 2322 1987 2358 solutio
2007 2330 2041 2355 35

312 2379 469 2423 patebit
494 2379 535 2415 in
562 2380 766 2416 solutione
793 2382 1126 2426 argumentorum
1152 2380 1319 2417 alterius
1346 2380 1483 2425 partis.

571 2462 742 2499 Solutio
770 2463 1058 2500 obiectorum
1084 2463 1391 2508 <quaestionis
1415 2463 1725 2505 undecimae).

455 2534 485 2568 1.
512 2532 575 2569 Ad
601 2533 774 2578 primum
801 2534 1007 2570 obiectum
1032 2534 1074 2570 in
1101 2534 1347 2570 contrarium
1375 2534 1591 2570 dicendum
1618 2534 1726 2579 quod
1761 2535 1894 2570 motus
1922 2544 1989 2570 na-

314 2592 455 2627 turalis
482 2592 549 2628 vel
576 2594 638 2628 est
663 2592 704 2628 in
730 2592 857 2629 finem
882 2593 950 2629 vel
977 2594 1040 2628 est
1066 2593 1212 2629 saltem
1239 2592 1448 2629 ordinatus
1475 2593 1516 2628 in
1541 2592 1678 2628 finem.
1727 2592 1796 2628 Ille
1833 2592 1901 2637 qui
1927 2594 1990 2628 est

314 2651 366 2686 ad
391 2650 529 2692 finem,
564 2651 709 2687 fortior
747 2653 810 2687 est
841 2651 924 2688 fine
958 2652 1138 2694 obtento,
1177 2652 1272 2697 quia
1297 2652 1501 2697 appetitus
1529 2651 1764 2696 quaerentis
1796 2650 1842 2687 fit
1875 2660 1990 2687 amor
2008 2653 2041 2678 40

313 2708 498 2745 fruentis.
547 2709 617 2746 Ille
644 2711 793 2752 autem,
832 2711 901 2755 qui
937 2711 1001 2747 est
1033 2710 1095 2747 rei
1130 2710 1343 2747 ordinatae
1378 2711 1431 2746 ad
1464 2710 1601 2751 finem,
1640 2720 1722 2746 non
1758 2710 1828 2750 sic,
1866 2710 1988 2746 immo

457 2808 474 2839 1
502 2807 656 2848 appetit]
683 2809 884 2848 appetitum
984 2809 1025 2841 19
1052 2808 1250 2849 potentiae]
1276 2808 1473 2849 potentiale

456 2905 468 2928 1
494 2906 531 2939 In
563 2907 891 2941 Avencebrolis
926 2909 1018 2941 libro
1050 2909 1102 2941 De
1126 2909 1242 2941 Fonte
1273 2908 1373 2941 Vitae
1397 2908 1502 2941 locus·
1523 2917 1596 2941 non
1622 2908 1810 2947 invenitur,
1838 2908 1902 2940 sed
1929 2908 1990 2940 ha-

315 2959 420 2991 betur
445 2959 491 2992 ad
522 2960 637 2992 verba
667 2961 703 2993 in
737 2961 830 2993 libro
864 2961 940 3000 „De
970 2962 1076 2994 Motu
1102 2960 1257 2994 Cordis'‘
1293 2961 1467 2994 Aliredi
1497 2961 1676 3002 Anglici
1700 2959 1771 3000 (ed.
1804 2961 1989 2999 Barzaen,

316 3012 368 3044 in:
392 3012 480 3045 Bibl.
502 3012 802 3054 Philosophorum
822 3014 964 3047 Mediae
982 3014 1134 3053 Aetatis,
1154 3014 1193 3054 ΙΙ,
1214 3014 1417 3055 Oeniponte
1439 3012 1542 3053 1878)
1563 3014 1654 3046 Prol.
1676 3014 1712 3046 et
1731 3014 1828 3054 apud
1846 3013 1989 3046 Barth.

316 3064 449 3106 Angl.,
477 3065 529 3097 De
554 3062 666 3106 Prop.
693 3067 844 3105 Rerum,
871 3067 924 3105 ΙΙΙ,
952 3067 983 3099 3.
1126 3066 1140 3088 2
1166 3066 1284 3107 Supra
1309 3076 1343 3107 p.
1370 3067 1413 3099 98
1440 3067 1469 3098 Α
1488 3067 1527 3099 9.
