2095 3459
337 191 404 226 166
850 194 872 226 J
874 194 1029 226 ohannis
1055 193 1224 226 Pechami
1250 193 1502 231 Quaestiones.

335 289 439 330 bilis,
474 290 506 325 2.
534 299 588 325 an
614 290 786 325 visibilis
812 299 887 334 per
914 290 1149 332 essentiam,
1185 291 1217 326 3.
1244 300 1298 326 an
1323 290 1495 327 visibilis
1521 299 1595 335 per
1621 290 1804 335 speciem
1829 290 2017 331 mediam,

335 349 367 383 4'.
395 358 448 384 an
474 348 685 384 beatitudo
713 348 914 384 consistat
938 349 1203 394 principalius
1230 349 1272 385 in
1297 349 1456 385 visione
1482 350 1552 385 aut
1584 348 1624 385 in
1656 349 1849 385 fruitione
1877 349 1942 384 vel
1977 349 2017 384 in

337 416 596 452 quocumque
622 407 714 443 alio.

926 603 1237 664 Quaestio
1276 603 1432 655 XXI.

526 736 768 782 Quaeritur
800 738 949 776 utrum
981 736 1101 777 Deus
1133 737 1189 777 sit
1221 737 1443 776 veraciter
1475 737 1789 787 cognoscibilis
1805 732 1829 777 ¹.
2038 747 2053 771 5

870 836 924 872 Et
950 837 1206 874 ostenditur
1231 837 1355 882 quod
1380 846 1485 873 non.

476 920 506 954 1.
544 918 651 955 Dicit
688 918 961 964 Dionysius
1007 919 1146 955 ultimo
1193 919 1369 965 capitulo
1414 919 1472 955 De
1508 919 1684 964 Mystica
1721 920 2018 957 Hierarehiffl:

336 977 469 1021 „Deus
497 987 576 1014 nec
602 977 706 1014 ratio
734 979 809 1020 est,
837 988 916 1015 nec
943 978 1183 1020 intellectus,
1219 988 1297 1015 nec
1323 978 1478 1020 dicitur,
1515 987 1593 1015 nec
1618 978 1886 1024 intelligitur.“
1938 978 2020 1015 Sed

333 1046 418 1072 non
444 1037 584 1082 potest
611 1037 809 1082 cognosci
835 1037 916 1073 nisi
942 1037 1222 1083 intelligendo.
1272 1037 1378 1083 Ergo
1407 1038 1482 1074 etc.

473 1097 505 1132 2.
532 1096 634 1132 Item
654 1096 800 1133 eodem
820 1097 1012 1142 capitulo
1035 1096 1180 1133 dicitur
1200 1097 1309 1141 quod
1323 1096 1434 1133 Deus
1453 1106 1536 1132 non
1552 1097 1616 1133 est
1629 1096 1782 1142 aliquid
1796 1096 1982 1133 existens
1993 1099 2018 1133 3.
2040 1109 2072 1134 10

335 1154 416 1190 Sed
444 1154 544 1190 nihil
570 1155 835 1201 cognoscitur
861 1155 942 1192 nisi
969 1165 1055 1192 ens.
1104 1155 1210 1201 Ergo
1239 1157 1314 1192 etc.

473 1214 505 1249 3.
531 1213 633 1250 Item
653 1215 881 1251 secundum
900 1214 1277 1260 Philosophum4
1298 1224 1392 1251 esse
1414 1216 1477 1251 est
1494 1215 1667 1260 primum
1686 1215 2018 1260 apprehensibile

332 1271 568 1309 intellectui.
619 1272 667 1308 Et
692 1273 887 1315 ultimum,
925 1274 978 1310 ad
1004 1273 1115 1319 quod
1141 1274 1221 1310 stat
1246 1274 1444 1310 resolutio
1471 1274 1715 1316 intellectus,
1750 1284 1834 1310 non
1868 1275 1932 1310 est
1962 1274 2019 1310 in-

333 1330 554 1376 telligibile,
582 1332 678 1376 quia
704 1331 889 1368 ultimum
916 1332 1170 1378 principium,
1198 1342 1290 1369 cum
1315 1333 1559 1378 principium
1586 1333 1647 1375 sit,
1673 1332 1776 1368 ratio
1803 1333 1916 1375 <est>
1936 1342 2018 1368 om—

332 1390 445 1425 nium
471 1390 654 1427 aliorum.
704 1390 811 1437 Ergo
839 1401 932 1428 cum
958 1391 1097 1428 divina
1124 1391 1308 1428 essentia
1339 1392 1390 1427 sit
1424 1392 1607 1428 ultimum
1642 1391 1894 1437 principium,
1929 1392 2017 1434 <et>
2041 1402 2071 1427 15

333 1457 428 1485 esse
454 1449 734 1487 intellectuale
760 1450 802 1486 in
828 1450 1043 1493 infinitum,
1082 1460 1165 1487 non
1198 1451 1262 1487 est
1294 1451 1460 1487 omnino
1495 1450 1679 1487 essentia
1705 1450 1844 1486 divina
1869 1459 2019 1495 cogno-

333 1507 498 1544 scibilis.
548 1507 655 1554 Ergo
683 1510 759 1546 etc.

473 1568 504 1603 4.
532 1567 634 1604 Item
660 1568 1018 1611 Damascenus,
1046 1570 1077 1605 1.
1104 1571 1237 1614 cap.5:
1278 1569 1523 1613 „Ineffabilis
1552 1570 1615 1605 est
1642 1569 1752 1605 Deus
1793 1569 1834 1605 et
1868 1568 2019 1604 incom—

331 1626 658 1671 prehensibilis&
711 1627 752 1664 Si
777 1627 1000 1664 ineffabilis
1029 1629 1102 1671 est,
1130 1638 1213 1665 non
1239 1628 1463 1665 addiscitur
1489 1629 1540 1665 ab
1559 1628 1709 1671 altero;
1737 1628 1772 1663 si
1791 1627 2019 1672 incompre-

332 1685 558 1727 hensibilis,
584 1696 669 1722 non
696 1687 866 1723 discitur
891 1687 1156 1724 inveniendo.
1206 1687 1312 1734 Ergo
1340 1689 1415 1725 etc.
2036 1695 2070 1720 20

472 1746 504 1781 5.
530 1745 632 1782 Item
659 1745 694 1781 si
720 1746 997 1792 cognoscitur,
1035 1757 1119 1783 non
1155 1747 1417 1793 cognoscitur
1451 1747 1531 1783 nisi
1562 1756 1637 1792 per
1663 1747 1884 1782 creaturas.
1936 1745 2016 1781 Sed

331 1812 406 1848 per
434 1805 647 1842 creaturas
681 1815 768 1842 non
793 1807 943 1851 potest,
983 1806 1079 1852 quia
1105 1807 1156 1843 de
1181 1806 1260 1842 illis
1286 1806 1463 1851 loquens
1488 1806 1624 1851 Hugo
1651 1805 1792 1842 dicitss:
1836 1804 1900 1848 „In
1926 1804 2016 1840 istis

331 1871 415 1898 non
440 1864 580 1908 potest
606 1864 793 1906 inveniri,
834 1865 943 1910 quod
970 1865 1083 1902 Deus
1110 1866 1184 1907 est,
1222 1874 1302 1902 nec
1328 1864 1555 1902 secundum
1580 1864 1660 1900 ista
1686 1864 1823 1909 potest
1847 1863 2016 1909 intelligi

331 1921 463 1965 qualis
490 1923 588 1958 est.“

471 1982 503 2017 6.
529 1981 631 2018 Item
653 1983 786 2019 omnis
808 1983 1000 2019 creatura
1020 1983 1143 2020 distat
1162 1993 1187 2020 a
1201 1983 1290 2020 Deo
1310 1983 1352 2019 in
1372 1983 1585 2025 infinitum,
1614 1984 1654 2019 et
1674 1982 1806 2019 omnis
1828 1983 2016 2019 creatura
2033 1994 2069 2020 25

330 2039 464 2076 minor
491 2042 555 2077 est
582 2051 633 2077 co
660 2041 702 2077 in
728 2042 942 2078 infinitum.

469 2100 502 2135 7.
530 2099 673 2137 Omnis
701 2101 825 2137 etiam
852 2102 1042 2138 creatura
1069 2101 1206 2147 magis
1227 2103 1292 2138 est
1317 2101 1405 2138 Deo
1432 2101 1641 2138 dissimilis
1668 2110 1789 2146 quam
1816 2100 1969 2136 similis.

470 2159 503 2194 8.
529 2158 616 2196 Nec
641 2160 889 2205 particulare
917 2161 1099 2197 ostendit
1125 2170 1219 2197 esse
1245 2160 1493 2197 universale.
1537 2159 1643 2206 Ergo
1667 2160 1777 2196 nullo
1804 2159 1926 2195 modo
1953 2160 2017 2195 est

331 2218 634 2263 cognoscibilis.

472 2317 491 2348 3
519 2316 604 2356 alio]
635 2317 670 2355 ψ
702 2318 837 2351 Contra
862 2319 1018 2359 primum
1044 2319 1197 2352 ostendo
1224 2319 1321 2360 quod
1346 2318 1444 2351 Deus
1469 2327 1542 2351 non
1567 2318 1614 2350 sit
1639 2317 1905 2360 cognoscibilis.
1950 2316 2015 2349 Ar-

330 2369 512 2409 guebatur
537 2370 599 2402 sic.
639 2371 734 2404 Dicit
759 2371 955 2411 Dionysius
982 2373 1049 2404 etc.
1149 2372 1191 2405 10
1218 2369 1398 2411 existens]
1425 2371 1622 2404 existentia
1719 2370 1760 2403 14
1787 2368 2015 2411 principium]

335 2421 365 2459 4-
400 2422 488 2454 nihil
561 2423 792 2464 principium]
818 2424 897 2456 vel:
922 2423 1152 2465 primum(‘?):
1179 2430 1257 2465 pm*

472 2516 484 2538 ¹
510 2518 684 2558 Bonav.,
714 2519 781 2560 Op.
810 2528 910 2552 omn.
935 2520 958 2559 I,
986 2520 1029 2552 67
1050 2529 1101 2558 ss,
1148 2520 1354 2559 Thomas,
1382 2519 1478 2552 Sent.
1506 2519 1529 2558 Ι,
1556 2519 1588 2551 d.
1610 2519 1641 2558 3,
1669 2527 1702 2559 q.
1726 2519 1755 2558 1,
1783 2528 1814 2551 a.
1839 2519 1877 2557 1;
1904 2517 1937 2550 S.
1965 2518 2013 2550 th.

330 2570 353 2609 Ι,
383 2580 416 2611 q.
446 2571 499 2610 12,
527 2580 559 2604 a.
588 2572 619 2611 1,
647 2572 678 2605 2.
729 2572 906 2612 Scotus,
934 2573 1031 2606 Sent.
1058 2573 1082 2612 Ι,
1110 2573 1140 2605 d.
1169 2573 1200 2612 3,
1229 2581 1262 2613 q.
1293 2573 1322 2605 1.
1373 2572 1500 2605 Henr.
1528 2572 1677 2611 Gand.,
1711 2570 1745 2604 S.
1773 2580 1804 2604 a.
1833 2571 1887 2604 33.
1938 2571 2015 2604 Ca-

331 2624 533 2664 preolus,
560 2624 584 2663 1,
613 2626 678 2657 117
706 2634 755 2658 ss.
806 2626 1146 2665 Montefortino‚
1174 2626 1197 2665 I,
1225 2626 1267 2658 73
1295 2634 1343 2658 ss.

471 2676 486 2699 2
512 2678 600 2718 Cap.
630 2679 649 2710 5
677 2676 747 2717 (PL
775 2679 852 2718 122,
882 2678 997 2719 1176).
1140 2678 1155 2701 3
1183 2679 1331 2719 „Neque
1359 2679 1444 2719 quid
1470 2678 1704 2711 existentium
1731 2676 1819 2710 est.“
1863 2677 2012 2710 Ibidem.

471 2729 486 2752 4
511 2731 659 2770 Arist,
693 2732 819 2765 nescio
854 2741 925 2773 quo
956 2733 1054 2771 loco;
1093 2733 1156 2765 cir.
1183 2732 1432 2771 Avicenna,
1470 2732 1633 2772 Metaph.
1660 2731 1717 2770 IV,
1745 2731 1783 2763 6:
1825 2731 2013 2769 „Dicemus

331 2783 452 2824 igitur,
481 2785 578 2824 quod
604 2793 670 2818 ens
697 2786 732 2818 et
757 2794 818 2818 res
843 2787 880 2818 et
897 2795 1052 2819 necesse
1073 2786 1161 2819 talia
1181 2787 1273 2825 sunt,
1301 2786 1397 2826 quod
1423 2785 1545 2818 statim
1569 2785 1821 2826 imprimuntur
1840 2784 1875 2816 in
1896 2784 2014 2816 anima

332 2837 451 2876 prima
476 2836 752 2877 impressione.“

473 2889 487 2912 5
513 2891 537 2928 I,
567 2891 606 2922 1:
644 2887 846 2935 ,,”Αῤῥητον
878 2891 948 2923 οὖν
980 2891 1018 2923 τὸ
1048 2889 1159 2923 Θεῖον
1185 2891 1248 2923 καὶ
1275 2888 1572 2933 ἀκατάληπτον.“
1624 2890 2011 2931 Eequieu-Migne:

336 2942 455 2979 ⁷‚Deus
482 2952 570 2984 ergo
597 2953 665 2976 nec
691 2945 856 2978 oratione
891 2946 965 2978 ulla
1000 2946 1186 2986 explicari,
1225 2954 1293 2978 nec
1330 2945 1402 2977 ullo
1436 2945 1542 2977 modo
1579 2944 1837 2985 comprehendi
1871 2943 2011 2984 potest“

334 2991 413 3036 (PG
439 2996 493 3035 94,
520 2995 614 3036 790).

473 3048 488 3070 6
514 3049 637 3091 Super
662 3051 709 3083 ΙΙ.
737 3050 865 3091 Anyel.
893 3052 1112 3089 Hierareh.,·
1136 3050 1208 3091 (PL
1235 3052 1312 3091 175,
1339 3050 1437 3090 975);
1464 3051 1527 3083 cir.
1554 3050 1690 3083 ibidem
1716 3049 1781 3083 972
1808 3058 1837 3082 s.
