2095 3459
809 189 983 225 Quaestio
1010 189 1094 221 XIV.
1728 187 1790 221 121

250 287 282 321 6.
311 285 409 321 Item
437 295 559 322 unum
588 287 652 322 est
677 286 717 321 in
745 295 792 322 se
819 285 1036 322 indivisum
1065 287 1105 322 et
1131 287 1183 322 ab
1204 286 1293 322 aliis
1315 286 1525 322 divisum1.
1564 285 1668 332 Ergo
1690 286 1794 322 sieut

110 355 163 381 ex
190 344 437 381 indivisione
465 344 585 381 unius
612 346 818 390 probatur,
855 344 964 389 quod
1000 355 1081 381 non
1118 345 1250 390 possit
1287 354 1382 381 esse
1415 345 1457 381 in
1483 345 1664 390 pluribus
1692 345 1792 381 locis

110 404 239 445 simul,
278 403 335 440 ita
362 413 415 439 ex
442 403 691 440 indivisione
718 404 770 440 ab
797 403 886 440 aliis
915 405 1120 449 probatur,
1157 404 1264 449 quod
1302 414 1385 440 non
1420 404 1553 449 possit
1579 413 1675 440 esse
1703 414 1793 440 eum

108 463 187 500 alio
216 472 389 508 corpore
416 463 457 499 in
485 463 633 499 eodem
659 464 762 500 loco.

249 524 280 558 7.
308 522 408 558 Item
434 523 545 559 linea
570 522 711 559 addita
736 523 871 559 lineae
900 532 953 559 ex
981 532 1032 559 ea
1057 524 1185 568 parte,
1213 533 1293 568 qua
1315 523 1440 559 habet
1461 523 1793 569 magnitudinem⁷

108 582 204 618 iacit
230 582 500 627 quantitatem
527 582 737 618 maiorem.
764 602 808 607 —-
833 582 933 618 Item
961 582 1204 627 superficies
1227 582 1365 618 addita
1386 582 1621 627 superficiei
1643 592 1696 618 ex
1717 582 1793 618 illis

110 641 291 686 partibus
320 641 466 686 quibus
502 641 629 677 habet
664 641 987 687 magnitudinem
1022 640 1120 677 facit
1156 641 1308 686 aliquid
1343 641 1473 677 maius
1486 644 1511 677 2.
1560 641 1665 687 Ergo
1704 651 1794 677 cum

110 709 258 745 corpus
287 710 341 736 ex
368 701 479 736 omni
498 701 614 746 parte
637 700 688 736 sit
709 700 1065 742 dimensionatum‚
1094 701 1466 746 quantumcumque
1488 701 1672 742 addatur,
1699 700 1795 737 facit

110 759 238 805 magis
266 759 307 795 in
333 759 668 806 magnitudinem.
706 759 754 795 Et
773 759 830 796 ita
847 759 1026 795 additum
1048 769 1132 795 non
1155 760 1219 795 est
1238 759 1279 795 in
1299 760 1447 796 eodem
1467 759 1559 796 loco
1581 769 1671 796 eum
1692 760 1794 805 ipso-

61 824 90 850 10
249 820 282 854 8.
308 818 409 855 Item
434 820 486 855 ab
513 829 595 855 uno
622 820 773 864 puncto
802 819 854 855 ad
880 819 1003 855 alium
1030 829 1113 855 non
1141 819 1337 855 convenit
1362 818 1514 856 ducere
1538 819 1688 855 lineam
1709 828 1796 855 rec-

110 879 191 914 tam
218 877 297 914 nisi
323 880 481 914 unamss.
533 878 616 915 Sed
642 878 776 923 posito
804 879 913 924 quod
941 888 1090 924 corpus
1116 878 1341 924 gloriosum
1368 878 1420 914 sit
1447 878 1566 914 simul
1593 888 1684 914 cum
1711 887 1795 914 non

109 937 302 983 glorioso,
342 937 539 974 convenit
577 937 728 974 ducere
765 938 868 974 duas
904 948 929 974 a
963 938 1122 974 duobus
1156 937 1318 983 punctis
1345 937 1594 974 intrinsecus
1623 937 1794 983 signatis

110 996 150 1032 in
176 996 268 1033 loco
296 996 588 1038 continentiae,
628 997 723 1042 quia
756 1006 837 1042 qua
862 997 1023 1033 ratione
1051 997 1209 1033 ducitur
1234 997 1345 1033 linea
1371 997 1598 1033 secundum
1623 996 1796 1042 longitu-

111 1056 249 1092 dinem
275 1055 395 1092 unius
422 1056 618 1101 corporis,
647 1057 818 1093 ducetur
844 1057 1072 1093 secundum
1097 1055 1395 1102 longitudinem
1421 1055 1601 1092 alterius.

60 1120 92 1146 15
250 1116 283 1151 9.
311 1115 657 1160 Respondebatur
683 1116 792 1161 quod
827 1125 852 1152 a
887 1115 1046 1152 duobus
1083 1115 1245 1161 punctis
1283 1115 1543 1152 extrinsecus
1580 1115 1621 1150 in
1658 1124 1797 1159 super-

110 1174 203 1210 ficie
230 1174 470 1211 continente
495 1175 605 1211 bene
632 1175 828 1211 convenit
854 1175 1006 1211 ducere
1034 1175 1136 1211 duas
1171 1174 1316 1216 lineas,
1353 1174 1427 1211 sed
1463 1183 1488 1210 a
1524 1174 1683 1210 duobus
1719 1174 1798 1209 ter-

112 1232 230 1269 minis
251 1233 500 1270 intrinsecus
522 1234 705 1280 signatis,
727 1234 885 1271 scilicet
903 1234 945 1270 in
966 1243 1139 1279 corpore
1160 1233 1307 1276 locato,
1322 1237 1407 1270 non
1427 1233 1623 1270 convenit
1644 1233 1796 1269 ducere

111 1292 191 1329 nisi
217 1302 341 1328 unam
369 1292 533 1329 lineam.

252 1350 424 1388 Contra:
464 1351 505 1389 Si
539 1352 645 1388 duae
670 1352 808 1389 lineae
837 1353 1037 1389 ducantur
1062 1352 1169 1389 inter
1194 1352 1298 1388 duos
1324 1351 1536 1392 terminos,
1576 1360 1674 1397 ergo
1703 1353 1798 1387 sunt

60 1422 95 1448 20
113 1410 231 1447 simul
257 1411 325 1447 vel
352 1411 546 1448 claudunt
572 1410 846 1457 superficiem.
898 1410 1015 1452 Quod
1049 1412 1114 1447 est
1147 1410 1414 1456 impossibile.
1466 1410 1507 1447 Si
1545 1411 1640 1447 sunt
1678 1410 1797 1446 simul

111 1491 156 1495 —
183 1470 258 1507 sed
283 1470 531 1507 indivisibile
558 1471 740 1507 additum
765 1470 1013 1512 indivisibili,
1049 1471 1277 1507 secundum
1310 1470 1419 1515 quod
1446 1470 1511 1506 est
1535 1469 1798 1509 indivisibile,

112 1532 220 1572 <non
245 1529 343 1566 facit
368 1530 716 1576 magnitudinem>
727 1532 752 1566 4.
804 1530 921 1566 Unde
942 1529 1277 1575 Philosophus
1299 1527 1420 1565 dicit5
1440 1529 1520 1566 duo
1542 1529 1694 1574 puncta
1712 1538 1797 1565 non

114 1598 209 1625 esse
237 1588 367 1624 simul.
416 1588 464 1624 Et
489 1589 767 1626 mathematici
791 1589 947 1626 habent
972 1598 1117 1626 omnes
1143 1588 1275 1625 lineas
1303 1588 1421 1625 simul
1448 1588 1678 1625 existentes
1701 1597 1797 1624 esse

113 1647 265 1684 lineam
291 1658 414 1684 unam
441 1648 783 1685 mathematicam.
832 1647 939 1695 Ergo
975 1649 1082 1685 duae
1117 1648 1254 1684 lineae
1291 1648 1438 1684 ductae
1474 1657 1499 1683 a
1534 1647 1693 1684 duobus
1720 1648 1798 1683 ter-

62 1722 96 1748 25
114 1706 234 1743 minis
261 1707 357 1743 sunt
382 1716 464 1743 una
489 1707 602 1744 linea
625 1707 925 1750 mathematica,
965 1709 1006 1744 et
1039 1717 1114 1753 per
1149 1716 1411 1753 consequens
1445 1716 1527 1743 una
1553 1705 1796 1752 superficies

115 1767 178 1803 est
203 1765 416 1812 utriusque
444 1767 641 1812 corporis,
681 1768 722 1803 et
758 1776 833 1812 per
871 1776 1137 1812 consequens
1176 1776 1301 1803 unum
1339 1775 1500 1812 corpus,
1541 1766 1636 1812 quia
1672 1776 1797 1802 unum

113 1825 308 1862 accidens
346 1835 430 1862 non
467 1827 605 1872 potest
643 1836 740 1863 esse
778 1826 820 1863 in
859 1826 1034 1862 diversis
1062 1825 1270 1862 subiectis.
1318 1825 1425 1872 Ergo
1453 1825 1489 1861 si
1515 1826 1595 1862 duo
1623 1834 1799 1870 corpora

115 1886 210 1922 sunt
235 1885 365 1926 simul,
400 1886 495 1921 sunt
528 1895 652 1922 unum
677 1895 827 1931 corpus
854 1885 1187 1922 mathematicum
1214 1885 1254 1921 et
1279 1894 1354 1930 per
1381 1894 1645 1930 consequens
1673 1894 1798 1920 unum

116 1954 264 1990 corpus
290 1944 488 1986 naturale,
524 1944 620 1990 quia
654 1954 803 1990 corpus
830 1944 1162 1981 mathematicum
1189 1945 1230 1980 et
1255 1943 1441 1980 naturale
1469 1944 1564 1980 sunt
1589 1943 1699 1979 idem
1725 1952 1799 1988 per

63 2017 98 2043 30
117 2003 354 2045 essentiam,
381 2003 476 2049 quia
501 2004 827 2041 abstrahentium
852 2013 936 2040 non
963 2005 1027 2040 est
1053 2003 1347 2040 mendaciumss.

256 2060 310 2099 10.
346 2062 447 2099 Item
478 2063 530 2100 ad
562 2063 642 2100 hoc
668 2064 732 2100 est
758 2063 968 2099 sententia
991 2062 1304 2108 Philosophi⁷
1330 2061 1440 2107 quod
1466 2060 1799 2098 mathematicum

116 2122 273 2158 tantum
299 2115 473 2167 occupat
499 2122 550 2158 de
576 2122 669 2159 loco
697 2122 802 2159 sicut
821 2122 1019 2164 naturale,
1045 2132 1125 2158 nec
1145 2122 1283 2167 potest
1301 2121 1459 2158 moveri
1479 2120 1559 2157 nisi
1577 2119 1797 2156 incidendo

116 2181 380 2226 aequale<m>
406 2180 485 2217 sibi
510 2181 881 2226 magnitudine<m>
906 2181 1013 2218 inter
1038 2181 1170 2218 latera
1186 2183 1200 2225 ΙΙ
1219 2180 1405 2226 corporis
1441 2179 1701 2217 continentis.
1750 2178 1798 2214 Et
1819 2185 1880 2218 rol.
1903 2185 2009 2217 29ra

117 2250 191 2285 per
215 2240 296 2276 hoc
320 2241 468 2285 probat
494 2239 828 2285 Philosophus
856 2250 941 2277 non
968 2250 1064 2277 esse
1090 2241 1133 2276 in
1158 2249 1292 2277 vacuo
1318 2240 1483 2281 motum,
1519 2238 1654 2284 posito
1689 2237 1798 2283 quod

66 2310 100 2337 35
118 2309 292 2336 vacuum
319 2299 427 2336 dicat
452 2299 734 2336 dimensiones
760 2300 918 2336 tantum
944 2299 1255 2336 mathematicas
1266 2301 1291 2334 8.

258 2410 277 2442 7
304 2409 601 2452 magnitudinem]
632 2409 668 2446 -l-
693 2410 729 2442 et
827 2410 868 2442 16
896 2410 989 2442 bene
1010 2408 1193 2448 convenit]
1219 2417 1345 2441 verum
1355 2404 1404 2449 (Ἰ)
1428 2407 1513 2440 dicit
1610 2405 1651 2439 17
1678 2406 1800 2439 intrin—

119 2462 238 2502 secus!
264 2463 470 2496 intrinsecis
568 2463 609 2495 31
639 2462 748 2503 quod]
776 2463 858 2503 quia

259 2574 273 2597 1
298 2575 369 2608 Cir.
395 2574 539 2614 Arist„
568 2574 731 2615 Metaph.
758 2574 815 2613 IV,
842 2574 862 2607 6
889 2571 945 2614 (V,
971 2575 1061 2607 text.
1090 2572 1168 2613 11):
1204 2573 1489 2612 „Universaliter
1514 2581 1670 2613 namque
1699 2572 1801 2612 quot-

119 2637 274 2669 cumque
298 2636 372 2661 non
395 2628 532 2661 habent
558 2627 783 2666 divisionem,
812 2628 992 2667 quatenus
1018 2635 1090 2659 non
1116 2626 1261 2665 habent,
1289 2626 1440 2658 catenus
1466 2634 1575 2658 unum
1601 2623 1799 2657 dicuntur.“

120 2681 163 2714 Et
180 2681 318 2713 ibidem
337 2681 392 2719 IX,
412 2689 442 2713 c.
464 2681 483 2713 3
504 2679 560 2720 (X,
580 2681 669 2713 text.
691 2679 746 2720 9):
775 2679 902 2719 „Quod
923 2688 1011 2712 vero
1037 2679 1256 2712 indivisibile
1283 2679 1344 2711 aut
1368 2687 1440 2711 non
1466 2677 1631 2716 divisum,
1658 2675 1799 2709 unum.“

120 2734 230 2774 Phys.
256 2733 310 2773 111,
332 2735 351 2766 7
378 2732 482 2773 (text.
505 2732 583 2773 68):
613 2733 812 2772 „Quoniam
838 2741 948 2765 unum
973 2733 1030 2765 est
1054 2732 1285 2771 indivisibile;
1313 2731 1564 2772 quodcumque
1591 2739 1700 2763 unum
1719 2729 1800 2762 sit.“

260 2786 275 2809 2
301 2787 372 2820 Clr.
398 2787 508 2827 Phys.
535 2786 591 2826 VI,
620 2787 637 2819 1
665 2785 768 2826 (text.
796 2785 842 2830 2).

261 2839 276 2862 3
301 2840 372 2873 Cfr.
398 2840 569 2879 Bonav.,
599 2839 666 2881 Op.
693 2848 793 2872 omn.
819 2838 876 2878 IV,
904 2838 993 2871 1029
1019 2839 1092 2871 not.
1120 2839 1149 2870 1.

260 2891 275 2914 4
299 2893 409 2933 Phys.
435 2892 482 2925 VI
506 2893 528 2925 l.
555 2901 585 2925 c.
613 2890 664 2931 (in
688 2892 790 2924 initio
816 2889 932 2932 cap.):
967 2890 1216 2932 „Impossibile
1242 2890 1308 2928 est,
1336 2898 1384 2922 ex
1409 2889 1602 2922 individuis
1629 2897 1712 2921 esse
1739 2888 1801 2921 ali-

125 2946 210 2986 quid
234 2944 475 2978 continuum.“
619 2944 634 2967 5
659 2945 769 2985 Phys.
795 2944 842 2977 VI
867 2945 888 2977 l.
917 2953 946 2977 e.

261 2998 277 3020 6
301 2998 446 3038 Arist„
473 2998 582 3038 Phys.
608 2998 647 3037 11,
675 2998 715 3030 2:
743 2994 824 3037 „023
852 2995 891 3028 δὲ
917 2996 1060 3039 γίνεται
1086 2993 1227 3039 ψεῦδος
1251 2994 1520 3039 χωριζόντων.“

263 3050 277 3073 ⁷
307 3051 412 3092 Phys.
439 3051 496 3090 IV,
524 3053 553 3084 4.
696 3049 711 3073 5
736 3051 878 3085 Ibidem
904 3051 940 3083 et
965 3050 1073 3090 Phys.
1099 3049 1157 3089 IV,
1184 3049 1203 3082 8
1230 3047 1315 3088 (11).
