2095 3459
352 188 420 227 208
859 192 1033 227 Johannis
1057 192 1225 227 Pechami
1252 194 1500 231 Quaestiones.

888 334 1196 394 Quaestio
1236 333 1478 386 XXXIV.

489 465 725 511 Quaeritur
757 467 811 506 de
843 468 1001 516 quarto
1017 461 1042 516 ¹,
1076 466 1268 508 <scilicet
1301 467 1354 506 de
1387 467 1583 516 qualibet
1614 467 1812 516 potentia
1842 467 1886 506 in

658 537 990 586 comparatione
1023 537 1081 577 ad
1111 537 1335 587 propriam
1371 537 1712 587 operationem>

278 638 326 674 A.
383 636 435 672 Et
460 636 712 674 ostenditur
737 637 859 682 quod
884 637 1001 674 istae
1027 637 1261 682 potentiae
1289 647 1472 683 semper
1499 638 1585 674 sint
1608 638 1654 674 in
1681 638 1773 674 suis
1801 638 1991 674 actibus.

490 720 520 754 1.
558 718 728 756 Dicente
764 719 1058 765 Augustino,
1100 720 1158 756 De
1202 720 1309 756 Trin.
1342 720 1387 762 X,
1423 729 1510 765 cap.
1535 721 1601 756 82:
1642 720 1883 766 „Cognoscit
1916 722 2013 766 ergo
2034 732 2049 757 5

350 786 466 813 mens
493 778 766 823 semetipsam,
793 787 870 814 nec
896 779 1013 823 quasi
1039 779 1253 815 absentem
1280 788 1326 815 se
1354 779 1510 824 quaerit
1519 788 1526 823 ;
1553 779 1690 824 itaque
1716 779 1880 821 videbit,
1907 779 2014 824 quod

349 845 556 880 nunquam
583 846 627 872 se
655 846 737 872 non
764 836 973 878 amaverit,
1000 847 1207 883 nunquam
1233 837 1460 873 nescierit.“

488 896 520 931 2.
546 895 645 931 Item
679 895 794 931 infra
829 905 914 941 cap.
943 897 1032 932 123:
1071 895 1266 942 „Semper
1291 906 1408 932 mens
1436 896 1498 932 sui
1524 896 1760 933 meminisse
1787 897 1827 932 et
1853 905 2017 941 semper

350 963 396 989 se
422 953 553 998 ipsam
578 954 806 1000 intelligere
839 956 879 990 et
903 964 1042 992 amare
1068 956 1503 1000 comprehendebatur,
1537 955 1722 1000 quamvis
1749 964 1831 991 non
1853 964 2016 1000 semper

350 1021 396 1047 se
424 1012 574 1058 cogitet
600 1013 820 1049 discretam
845 1014 895 1049 ab
923 1013 994 1055 eis,
1022 1023 1127 1059 quae
1154 1024 1237 1050 non
1265 1015 1358 1050 sunt
1384 1014 1492 1059 quod
1518 1014 1609 1059 ipsa
1635 1015 1731 1050 est.“
2035 1026 2066 1051 10

488 1072 520 1107 3.
546 1072 645 1107 Item
670 1072 729 1107 De
761 1072 868 1107 Trin.
896 1071 994 1114 XIV,
1021 1082 1108 1118 cap.
1134 1074 1196 1109 74:
1236 1073 1300 1117 „Si
1334 1082 1410 1109 nos
1445 1072 1672 1109 referamus
1700 1073 1749 1109 ad
1776 1072 2013 1109 interiorem

349 1130 496 1165 mentis
522 1131 771 1172 memoriam,
807 1140 886 1176 qua
912 1140 957 1167 se
984 1131 1115 1176 ipsam
1140 1132 1334 1174 meminit,
1370 1132 1411 1167 et
1436 1132 1671 1168 interiorem
1697 1131 2015 1177 intelligentiam,

350 1198 430 1233 qua
454 1198 501 1225 se
526 1189 723 1235 intelligit,
751 1191 791 1226 et
816 1190 1053 1226 interiorem
1078 1191 1341 1232 voluntatem,
1369 1200 1449 1236 qua
1474 1200 1520 1227 se
1547 1191 1683 1236 diligit,
1710 1191 1778 1226 ubi
1803 1191 1906 1226 haec
1939 1190 2016 1227 tria

350 1256 513 1292 semper
550 1248 667 1284 simul
706 1250 799 1284 sunt
837 1250 877 1285 et
915 1249 1032 1285 simul
1071 1259 1234 1295 semper
1258 1250 1431 1290 fuerunt,
1471 1259 1524 1285 ex
1550 1259 1629 1294 quo
1657 1259 1752 1286 esse
1779 1250 2014 1294 coeperunt,

350 1306 438 1342 sive
465 1307 740 1352 cogitarentur
767 1308 854 1344 sive
880 1318 962 1344 non
989 1309 1264 1354 cogitarentur
1291 1310 1388 1345 etc.“
2039 1321 2068 1346 15

488 1367 520 1401 4.
558 1366 620 1402 Ad
657 1367 766 1402 idem
803 1367 983 1412 arguitur
1021 1367 1099 1404 sic:
1139 1367 1424 1414 Cognoscibile
1463 1368 1572 1413 quod
1599 1377 1653 1404 ex
1684 1377 1729 1404 se
1769 1369 1832 1404 est
1867 1377 2016 1413 cogno-

350 1424 490 1461 scibile
516 1426 604 1467 <et>
630 1435 830 1470 praesens
863 1435 1027 1471 semper
1061 1427 1329 1473 cognoscenti
1363 1437 1445 1463 non
1477 1427 1683 1472 impedito,
1723 1428 1763 1462 et
1789 1436 1952 1472 semper
1978 1428 2018 1463 et

349 1483 542 1520 continue
581 1484 853 1530 cognoscitur.
916 1485 999 1522 Sed
1036 1486 1218 1522 essentia
1255 1486 1416 1522 animae
1455 1496 1509 1522 ex
1546 1495 1592 1522 se
1626 1486 1915 1532 cognoscibilis
1943 1487 2016 1527 est,

350 1542 444 1587 quia
471 1543 699 1579 substantia
725 1543 943 1588 spiritualis
971 1545 1045 1586 est,
1072 1554 1097 1580 a
1122 1545 1294 1580 materia
1319 1545 1501 1581 abstrahi
1521 1554 1605 1581 non
1624 1544 1824 1590 indigens,
1852 1546 1893 1582 et
1913 1554 2017 1581 sem-

348 1610 423 1646 per
460 1601 580 1638 oifert
617 1611 663 1638 se
700 1603 864 1647 proprio
903 1603 1098 1648 aspectui,
1135 1603 1203 1648 qui
1239 1603 1425 1648 impediri
1462 1613 1546 1640 non
1572 1604 1718 1649 potest,
1754 1604 1797 1640 ut
1822 1605 2016 1649 probabo.
2036 1615 2070 1640 20

348 1659 454 1706 Ergo
482 1661 557 1696 etc.

487 1718 530 1755 Si
550 1719 658 1756 enim
677 1719 911 1765 impeditur:
932 1722 1001 1756 aut
1018 1730 1093 1765 per
1106 1721 1290 1766 corporis
1311 1721 1667 1766 indispositionem
1688 1730 1761 1757 seu
1782 1721 2015 1767 inquietem,

351 1777 438 1813 sive
476 1778 517 1813 in
557 1778 797 1823 operatione
832 1788 907 1824 per
943 1780 1258 1816 conversionem
1286 1781 1337 1816 ad
1364 1780 1471 1816 aliud
1507 1780 1722 1821 obiectum,
1762 1781 1831 1816 aut
1855 1790 1929 1826 per
1956 1781 2017 1817 sui

350 1836 624 1873 defectionem
662 1837 702 1873 in
730 1847 787 1874 se.
846 1838 1020 1874 Primum
1047 1839 1111 1874 est
1135 1839 1399 1883 impossibile,
1436 1839 1627 1883 quoniam
1653 1848 1736 1875 non
1762 1839 1947 1885 intelligit
1972 1849 2016 1876 se

350 1895 555 1932 mediante
594 1906 778 1941 corpore,
816 1906 894 1933 nec
925 1897 1061 1942 aliqua
1087 1898 1226 1942 specie
1253 1897 1465 1943 corporali,
1501 1907 1606 1942 quae
1643 1907 1696 1934 ex
1733 1899 1935 1943 corporali
1961 1899 2017 1935 in·
2036 1909 2069 1934 25

352 1954 575 1999 eptitudine
612 1955 869 1992 disturbetur.
929 1956 1160 1993 Secundum
1198 1957 1382 1993 simiIIter
1408 1958 1517 1993 stare
1544 1967 1627 1994 non
1652 1958 1799 2002 potest,
1827 1958 2018 2003 quoniam

353 2022 474 2049 omne
501 2014 609 2050 aliud
642 2014 847 2052 obiectum
873 2015 915 2051 in
940 2015 1031 2060 ipsa
1055 2016 1343 2061 praesentatur
1375 2017 1416 2052 et
1442 2016 1529 2052 eius
1564 2016 1780 2053 similitudo
1807 2017 1857 2053 de
1884 2017 2019 2053 anima

351 2072 547 2109 formatur
581 2074 646 2110 vel
684 2075 736 2110 ad
762 2075 894 2110 minus
921 2075 961 2111 in
986 2075 1138 2111 lumine
1165 2075 1326 2112 animae
1352 2075 1590 2112 naturaliter
1616 2076 1693 2121 ipsi
1719 2077 2015 2121 praesentatur.

144 2139 204 2172 fol.
232 2139 333 2172 212¹b
352 2131 456 2178 Ergo
484 2132 586 2168 sicut
612 2133 716 2169 visio
744 2133 891 2169 coloris
919 2126 1218 2176 non'excludit,
1246 2134 1321 2170 sed
1346 2134 1514 2171 includit
1538 2135 1741 2171 visionem
1765 2140 1777 2181 ΙΙ
1798 2135 1899 2172 lucis
1926 2145 2016 2172 cum

351 2191 488 2227 colore
515 2192 730 2235 moventis,
758 2192 816 2228 sic
842 2193 883 2229 in
908 2193 1132 2238 proposito.
1182 2193 1266 2230 Nec
1298 2193 1459 2230 tertium
1487 2194 1550 2230 est
1575 2194 1790 2238 possibile,
1826 2195 2016 2239 quoniam
2037 2204 2071 2229 30

351 2251 485 2286 stante
513 2251 697 2286 essentia
722 2251 1005 2296 operationem
1032 2252 1120 2288 eius
1148 2261 1243 2288 esse
1271 2253 1334 2288 est
1359 2261 1547 2288 necesse.

488 2309 593 2354 Ergo
630 2309 767 2346 anima
804 2319 969 2355 semper
1004 2320 1050 2347 se
1081 2311 1278 2357 intelligit.
1338 2310 1419 2347 Sed
1457 2312 1572 2347 actus
1608 2311 1902 2357 intelligentiae
1935 2322 2016 2348 non

351 2368 415 2403 est
450 2368 538 2404 sine
574 2369 771 2405 memoria
802 2370 1096 2414 praesentante
1132 2370 1239 2412 illud,
1275 2370 1383 2415 quod
1417 2370 1662 2416 intelligitur.
1721 2371 1827 2417 Ergo
1855 2381 2019 2416 semper

352 2427 415 2462 sui
439 2427 631 2464 meminit.
682 2428 763 2464 Sed
795 2438 841 2464 se
875 2428 1117 2474 intelligenti
1151 2429 1287 2474 placet
1320 2430 1560 2466 necessario
1589 2439 1640 2466 ex
1668 2430 1845 2466 maxima
1871 2439 2018 2466 conve-

351 2485 516 2522 nientia.
564 2486 669 2532 Ergo
698 2496 863 2532 semper
888 2497 934 2524 se
961 2488 1098 2534 diligit.
2037 2503 2070 2528 35

491 2608 510 2640 8
539 2607 593 2647 12]
620 2608 639 2640 2
713 2608 870 2649 semper]
896 2610 1022 2650 sperat
1118 2610 1159 2642 13
1186 2609 1259 2648 ubi]
1285 2611 1323 2641 ut
1427 2610 1469 2642 22
1497 2609 1574 2650 per]
1602 2610 1756 2643 addicar
1780 2611 1821 2643 in
1847 2610 2019 2650 margine

352 2660 528 2701 corporis]
554 2669 687 2701 corpus
784 2662 825 2694 23
852 2662 888 2695 in
913 2661 1139 2703 operatione]
1165 2662 1320 2694 additur
1345 2663 1385 2695 in
1410 2664 1583 2703 maraine

493 2777 506 2800 1
531 2779 705 2812 Videatur
730 2789 843 2820 supra
867 2788 950 2821 pag.
980 2781 1055 2813 194.
1094 2797 1138 2802 —-
1176 2779 1344 2819 Bonav.,
1384 2781 1448 2821 Op.
1482 2790 1587 2821 omn„
1616 2781 1639 2821 1,
1667 2781 1710 2814 90
1746 2780 1806 2821 (ad
1836 2781 1868 2820 1)
1904 2782 2019 2822 tangit

353 2832 488 2864 tantum
515 2833 775 2872 quaestionem.
824 2833 978 2866 Uberius
1004 2833 1048 2866 de
1075 2842 1120 2866 ea
1145 2834 1274 2874 agunt:
1301 2834 1502 2873 Thomas,
1530 2834 1628 2867 Sent.
1649 2834 1672 2873 I,
1700 2835 1731 2867 d.
1752 2835 1784 2870 3.
1811 2844 1843 2875 q.
1866 2835 1896 2874 4,
1923 2844 1954 2867 a.
1977 2836 2016 2873 5;

353 2884 386 2917 S.
415 2884 464 2917 th.
490 2885 513 2923 I,
541 2894 574 2925 q.
602 2885 656 2924 93,
684 2894 715 2917 a.
743 2886 773 2924 7,
800 2885 845 2918 ad
873 2886 909 2924 4;
943 2886 1118 2925 Scotus,
1144 2886 1241 2919 Sent.
1269 2886 1307 2924 II,
1334 2887 1366 2918 d.
1394 2886 1425 2923 3,
1453 2895 1486 2926 q.
1514 2887 1544 2926 8,
1572 2896 1604 2919 n.
1634 2887 1692 2925 13;
1724 2887 1847 2919 Henr.
1876 2887 2016 2925 Gand.,

356 2937 488 2976 Quodl.
514 2937 570 2977 IV,
599 2947 631 2978 q.
659 2939 689 2970 7.

491 2988 506 3011 2
530 2990 586 3022 PL
612 2991 665 3030 42,
693 2991 758 3023 979
780 3000 819 3030 s.,
845 3000 878 3036 n.
907 2992 958 3024 11.
1101 2991 1116 3013 3
1140 2992 1177 3024 L.
1205 3001 1231 3024 e.
1259 2992 1336 3030 984,
1363 3001 1396 3023 n.
1426 2993 1477 3024 19.

491 3042 504 3063 ‘¹
532 3043 565 3075 L.
594 3053 620 3075 e.
650 3044 748 3082 1043,
776 3053 807 3075 n.
838 3044 889 3076 10.
