2095 3459
791 204 963 239 Quaestio
991 204 1074 236 Xlll.
1722 202 1784 238 117

94 300 135 336 et
162 299 325 336 claritas
353 300 580 336 secundum
608 299 849 341 subiectum,
886 300 981 345 quia
1016 301 1290 346 perspicuitas
1329 303 1393 337 est
1428 302 1569 347 passio
1599 303 1784 347 corporis

94 358 185 400 rari,
212 358 376 395 claritas
404 359 542 395 autem
569 359 754 404 corporis
782 359 911 395 densi.
965 359 1080 399 Quod
1108 361 1233 405 patet,
1261 360 1356 406 quia
1383 361 1502 397 stella
1530 362 1593 397 est
1613 362 1782 398 densior

94 427 189 464 pars
217 418 338 458 orbis,
367 417 472 454 sicut
498 418 621 454 docet
646 418 1016 464 Philosophus1.

691 512 861 549 Solutio
891 513 1191 549 obiectorum.
1812 505 1860 541 D·

238 598 268 632 1.
304 596 366 632 Ad
402 596 576 641 primum
612 596 818 632 obiectum
854 596 894 631 in
931 596 1179 632 contrarium
1217 596 1437 633 dicendum
1470 598 1580 642 quod
1619 598 1787 634 Dama—

94 665 275 692 scenus
302 655 479 700 loquitur
500 656 644 691 contra
663 655 765 695 illos,
793 654 862 700 qui
881 655 1093 699 ponebant
1112 654 1244 691 Deum
1266 665 1362 692 esse
1390 666 1552 702 corpus.
1598 656 1649 693 Ut
1675 659 1787 703 patet

95 725 149 751 ex
175 714 447 760 sequentibus
474 714 515 750 in
544 714 692 750 eodem
720 714 909 759 capitulo.

235 775 266 810 2.
294 773 357 810 Ad
378 773 605 810 secundum
627 773 845 809 dicendum
867 773 977 818 quod
991 773 1297 819 Augustinus
1319 774 1374 811 ibi
1394 775 1573 820 loquitur
1594 776 1644 811 de
1665 785 1785 811 curru

94 835 331 870 naturarum
357 834 553 878 quantum
579 833 630 869 ad
653 833 803 868 statum
823 832 1145 878 gubernationis,
1173 833 1241 878 qui
1262 834 1385 869 currit
1405 834 1512 870 inter
1533 835 1786 871 creationem

44 901 76 927 10
96 894 136 930 et
157 891 567 930 consummationem.
605 891 696 928 Non
716 893 854 928 tamen
874 892 998 928 habet
1018 892 1247 933 veritatem,
1274 894 1383 937 quod
1407 895 1618 930 creaturas
1641 904 1786 931 omnes

95 951 384 989 universaliter
421 951 462 987 in
500 951 802 997 gubernatione
843 950 951 987 sinat
988 960 1114 997 agere
1155 952 1345 996 proprios
1387 953 1535 988 motus.
1587 953 1787 990 Instantia

97 1012 206 1049 enim
233 1012 297 1048 est
322 1011 411 1054 <in>
436 1010 643 1047 miraculis
670 1009 907 1046 innumeris.

236 1072 268 1107 3.
295 1069 356 1106 Ad
384 1069 548 1106 tertium
575 1069 794 1106 dicendum
821 1069 930 1115 quod
956 1069 1011 1106 ibi
1032 1079 1130 1106 vere
1152 1070 1228 1106 erit
1252 1071 1515 1116 complexum
1543 1072 1583 1107 et
1609 1072 1716 1108 actio
1746 1074 1786 1109 et

97 1130 237 1176 passio
247 1137 255 1172 ;
292 1139 375 1166 non
401 1129 453 1165 ad
481 1129 849 1174 consumptionem,
886 1138 993 1174 quae
1020 1130 1117 1165 tunc
1142 1129 1307 1175 penitus
1337 1130 1591 1173 excludetur,
1620 1132 1695 1177 sed
1723 1142 1786 1168 se-

45 1201 77 1227 15
98 1189 275 1226 cundum
313 1189 421 1234 quod
461 1188 602 1233 passio
641 1188 908 1233 perfectionis
947 1189 1190 1234 perpetuam
1229 1189 1495 1234 adeptionem
1521 1190 1676 1233 <dicit>.
1729 1191 1786 1227 Ibi

97 1248 206 1285 enim
232 1248 355 1290 calor,
383 1247 452 1293 qui
478 1248 542 1283 est
561 1247 877 1284 instrumentum
897 1247 1059 1284 animae
1081 1248 1346 1294 vegetativae
1358 1251 1383 1290 2,
1411 1259 1495 1285 non
1517 1250 1787 1287 convertetur

96 1307 149 1344 ad
174 1307 543 1353 consumptionem,
571 1306 666 1352 quia
691 1316 766 1352 per
792 1306 925 1352 ipsum
952 1308 992 1343 et
1018 1307 1156 1344 anima
1181 1308 1312 1344 totum
1338 1317 1488 1353 corpus
1510 1318 1629 1345 suum
1654 1309 1784 1347 libere

97 1366 372 1413 perlustrabit.

237 1426 270 1462 4.
296 1425 360 1462 Ad
386 1427 575 1471 quartum
602 1425 821 1462 dicendum
847 1426 956 1471 quod
981 1425 1037 1462 ibi
1065 1427 1128 1462 est
1147 1426 1254 1472 ignis
1277 1427 1352 1463 sub
1375 1427 1681 1470 contrarietate,
1711 1429 1786 1465 sed

45 1503 79 1528 20
99 1485 311 1522 confracta
338 1486 379 1522 et
404 1485 596 1530 quietata,
625 1485 730 1521 sicut
754 1484 810 1521 ibi
837 1485 959 1521 etiam
985 1485 1191 1530 appetitus
1219 1486 1418 1523 materiae
1446 1487 1663 1532 quietatur.

237 1546 270 1581 5.
309 1544 372 1581 Ad
411 1544 595 1589 quintum
633 1544 853 1581 dicendum
891 1544 1001 1589 quod
1038 1545 1211 1581 mortale
1250 1555 1335 1581 non
1373 1546 1470 1582 dicit
1508 1546 1785 1584 differentiam

97 1602 274 1640 hominis
314 1603 593 1645 essentialem,
632 1604 707 1640 sed
745 1603 1078 1640 accidentalem3.
1129 1604 1214 1641 Nec
1248 1605 1360 1641 valet
1396 1606 1505 1650 quod
1543 1606 1639 1642 dicit
1675 1606 1786 1643 Por-

97 1663 303 1709 phyrius
331 1662 426 1708 quia
451 1662 625 1700 mortale
652 1663 833 1699 additum
860 1664 1027 1708 separat
1052 1673 1129 1700 nos
1151 1673 1175 1700 a
1197 1663 1285 1706 diis,
1313 1664 1409 1709 quia
1428 1664 1562 1709 ipsum
1582 1665 1784 1702 rationale

100 1722 311 1768 distinguit
337 1731 413 1759 nos
440 1722 492 1758 ab
519 1722 699 1769 angelis;
738 1722 861 1758 immo
890 1723 930 1759 et
955 1732 1097 1769 genus
1113 1723 1248 1768 ipsum
1274 1723 1464 1766 animale,
1503 1724 1599 1769 quia
1633 1724 1785 1761 animal

46 1797 79 1824 25
100 1782 164 1818 est
190 1791 351 1827 corpus,
378 1782 515 1827 angeli
540 1782 679 1818 autem
703 1781 948 1827 incorporei.
1000 1781 1118 1823 Quod
1145 1783 1180 1819 si
1200 1783 1252 1819 de
1273 1782 1361 1819 Deo
1390 1783 1557 1828 proprie
1583 1784 1784 1829 loquatur,

97 1841 176 1878 hoc
210 1841 308 1877 nihil
344 1841 418 1883 est,
457 1840 553 1886 quia
589 1840 700 1877 Deus
736 1843 867 1884 <non>
902 1842 966 1878 est
1001 1841 1043 1878 in
1068 1851 1236 1888 genere.
1288 1841 1406 1883 Quod
1434 1842 1469 1878 si
1495 1843 1662 1879 omnino
1691 1853 1785 1879 con-

97 1901 244 1937 tendas
270 1900 442 1936 mortale
469 1902 614 1943 <esse>
632 1902 645 1943 ΙΙ
664 1900 949 1943 differentiam,
975 1901 1232 1946 respondeo:
1269 1901 1421 1937 Verum
1449 1903 1523 1944 est,
1552 1903 1660 1947 quod
1689 1903 1785 1939 dicit
1806 1909 1869 1942 fol.
1891 1910 1995 1941 28ch

98 1959 323 2005 potentiam
342 1959 395 1996 ad
413 1959 671 1996 moriendum
691 1960 742 1996 ab
761 1961 856 1996 actu
874 1961 1086 2002 remotam,
1104 1960 1332 2006 potentiam
1353 1961 1520 2006 inquam
1540 1962 1783 2005 naturalem,

99 2028 206 2065 quae
231 2019 370 2055 tamen
396 2019 448 2055 ab
475 2020 569 2055 actu
594 2018 814 2064 impeditur
839 2027 914 2064 per
939 2019 1121 2066 gloriam.

239 2141 282 2174 23
309 2139 480 2180 additum]
510 2140 547 2179 -l-
576 2141 735 2174 additum

240 2259 253 2282 ¹
279 2260 350 2293 Cir.
376 2261 429 2293 De
457 2260 568 2294 Caelo
593 2261 632 2299 II,
662 2261 720 2300 12;
747 2257 965 2300 Themist„
992 2261 1045 2294 De
1069 2261 1212 2294 Anima
1237 2261 1261 2299 Ι,
1289 2261 1343 2293 24.

240 2312 255 2335 2
280 2313 456 2347 Videatur
481 2314 578 2355 apud
603 2315 774 2353 Bonav„
804 2314 870 2356 Op.
897 2323 997 2347 omn.
1023 2314 1062 2353 II,
1090 2314 1155 2346 424
1182 2315 1254 2346 not.
1283 2315 1313 2347 3.

239 2366 255 2389 ³
281 2367 351 2400 Cfr.
377 2367 548 2406 Bonav„
575 2367 631 2407 IV,
659 2367 725 2400 889
752 2365 813 2407 (ad
839 2366 873 2407 3)
907 2368 942 2400 et
973 2367 1057 2400 vide
1088 2367 1364 2407 Avicennae‚
1398 2368 1485 2408 Loy.
1512 2378 1547 2409 p.
1574 2369 1598 2401 I.
1626 2377 1705 2410 cap.
1733 2370 1784 2401 De

103 2420 324 2459 differentia,
362 2420 424 2453 ubi
455 2420 680 2461 privationes
713 2421 873 2453 excludit
898 2421 943 2453 de
970 2421 1197 2453 differentiis.
1248 2421 1462 2454 Albertus
1488 2421 1673 2463 Magnus
1700 2423 1785 2455 dicit

102 2474 138 2506 in
163 2474 255 2506 libro
283 2473 358 2513 „De
377 2472 736 2514 praedicabilibus-‘2
763 2475 866 2507 tract.
893 2474 934 2507 V.
961 2482 1041 2514 cap.
1070 2474 1088 2506 3
1115 2472 1186 2513 (ed.
1213 2474 1383 2515 Borgnet,
1410 2475 1481 2507 vol.
1501 2474 1525 2514 Ι,
1553 2483 1637 2516 pag.
1660 2475 1702 2514 89
1719 2474 1783 2514 s.):

104 2526 324 2566 „Dicendum
350 2527 416 2566 est,
444 2527 540 2567 quod
564 2527 717 2559 mortale
744 2527 872 2560 dicitur
897 2527 1098 2567 dupliciter.
1148 2527 1227 2559 Uno
1255 2527 1400 2567 quidem
1426 2528 1533 2560 modo
1560 2528 1645 2560 dicit
1665 2529 1784 2561 actum

102 2580 138 2612 in
162 2579 316 2612 materia
340 2580 582 2621 privationem
607 2580 769 2612 eiusdem
795 2581 898 2612 actus
924 2579 1120 2612 secundum
1145 2580 1343 2620 potentiam
1364 2581 1648 2621 concipientem:
1676 2583 1711 2614 et
1732 2581 1785 2614 sic

103 2632 279 2665 mortalis
304 2634 360 2666 est
384 2632 502 2665 forma
527 2633 788 2672 substantialis,
815 2634 851 2665 et
876 2633 975 2665 notio
999 2632 1077 2665 eius
1099 2633 1195 2673 quod
1215 2633 1415 2674 potentiam
1433 2634 1544 2666 habet
1564 2635 1610 2667 ad
1629 2635 1785 2667 morien-

104 2686 205 2718 dum:
232 2687 269 2718 et
294 2686 347 2718 sic
373 2685 505 2718 dictum
529 2686 683 2718 mortale
708 2686 796 2718 nihil
821 2686 990 2726 prohibet
1014 2694 1098 2718 esse
1125 2686 1379 2725 differentiam,
1413 2687 1558 2726 quando
1584 2696 1650 2727 per
1675 2688 1786 2720 talem

104 2739 258 2771 formam
283 2739 329 2772 ad
349 2739 405 2771 sui
425 2739 633 2780 oppositum
652 2740 711 2771 vel
731 2740 956 2780 disparatum
973 2739 1170 2771 secundum
1191 2739 1346 2771 eandem
1366 2740 1517 2772 formam
1541 2741 1783 2780 comparatur·

104 2791 240 2824 Dicitur
266 2791 374 2824 etiam
399 2792 552 2825 mortale
578 2792 798 2833 simpliciter,
834 2792 870 2824 in
906 2800 977 2832 quo
1013 2792 1068 2824 est
1103 2791 1260 2832 privatio
1292 2792 1467 2825 intentiae
1494 2792 1540 2824 ad
1566 2793 1677 2825 vitam
1703 2801 1784 2833 per-

105 2845 262 2885 petuam,
298 2845 334 2877 et
368 2845 420 2877 sic
447 2845 493 2877 ab
519 2854 563 2878 eo
588 2854 661 2878 non
687 2845 838 2878 sumitur
863 2845 1079 2877 differentia.
1130 2844 1218 2876 Cum
1253 2846 1376 2877 autem
1411 2845 1540 2878 dicitur
1573 2845 1783 2878 irrationale

106 2898 142 2929 et
166 2897 367 2930 immortale
387 2897 617 2931 differentiae
639 2907 732 2939 quae
752 2906 820 2939 per
839 2898 1064 2939 privationes
1084 2897 1325 2938 importantur
1344 2897 1380 2930 in
1400 2898 1554 2936 nomine,
1582 2898 1784 2938 positiones

106 2949 354 2991 intelliguntur
388 2950 583 2983 formarum
618 2951 868 2992 oppositarum
900 2959 922 2983 a
954 2950 1082 2990 quibus
1118 2951 1307 2982 sumuntur
1341 2950 1580 2983 differentiae.
1629 2951 1673 2982 Et
1700 2950 1785 2991 quia

106 3001 233 3035 horum
257 3003 404 3036 nomina
428 3011 500 3035 non
533 3003 719 3042 habemus,
756 3003 839 3036 ideo
872 3011 1026 3036 necesse
1061 3003 1129 3042 est,
1167 3002 1263 3043 quod
1298 3011 1362 3035 eas
1398 3003 1602 3043 privatione
1638 3011 1785 3035 suorum

107 3055 358 3096 oppositorum
385 3055 667 3097 significemus.“
