2095 3459
847 216 1018 254 Quaestio
1044 217 1130 250 XVI.
1761 217 1823 251 141

161 311 446 356 particularem
473 313 607 349 actum
633 313 847 355 nutriendi,
874 314 942 349 ubi
969 314 1044 350 erit
1064 314 1248 360 perfecta
1268 315 1437 351 satietas
1459 316 1500 351 et
1517 315 1626 351 nulla
1646 316 1824 359 esuries;

161 380 244 406 non
271 371 312 406 et
336 372 636 417 augmentandi,
670 372 764 417 quia
789 372 843 408 ibi
871 373 946 409 erit
972 374 1174 419 quantitas
1201 374 1498 417 eonsummata;
1534 374 1631 410 item
1656 384 1734 411 nec
1759 385 1826 421 ge-

162 429 344 468 nerandi.
382 430 476 475 quia
511 440 654 467 semen
689 433 752 467 est
783 432 989 468 residuum
1027 432 1116 474 cibi,
1156 434 1194 469 et
1232 433 1326 478 quia
1361 434 1456 469 tunc
1489 434 1668 470 cessabit
1693 434 1824 470 omnis

162 489 390 526 necessitas
416 490 652 536 generandi,
690 500 781 527 cum
816 492 1040 536 completus
1075 492 1197 528 fuerit
1231 501 1426 528 numerus
1461 492 1694 529 electorum.
1743 493 1826 529 Nec

127 553 142 577 5
163 548 240 584 erit
265 548 387 585 etiam
412 549 671 595 passibilitas
698 550 793 595 quia
818 560 991 596 corpora
1017 552 1136 587 erunt
1160 551 1323 596 penitus
1343 551 1662 597 incorruptibilia
1679 552 1720 588 in
1740 552 1824 588 toto

162 608 203 643 et
227 607 268 643 in
293 609 408 653 parte
436 609 476 645 et
500 608 542 645 in
568 609 704 655 aliqua
730 610 846 655 parte
873 610 1020 646 mundi.

299 666 398 704 Item
425 668 501 705 erit
524 668 630 705 forte
656 670 788 705 motus
815 669 1040 714 corporalis
1066 670 1232 715 propter
1258 670 1574 707 delectationem
1593 671 1768 707 hominis
1785 671 1827 707 in

160 725 253 762 visu
276 726 632 772 multiplicandam.
682 727 788 764 Dicit
823 728 931 764 enim
967 727 1115 764 Glossa
1146 728 1335 766 Josuae
1361 729 1492 766 XX11:
1532 729 1671 774 „Quod
1697 730 1827 766 sancti

160 784 370 821 habebunt
395 786 515 823 situm
541 787 582 823 in
608 786 783 823 diversis
809 787 992 832 partibus
1019 787 1123 824 caeli
1150 787 1254 824 sicut
1285 788 1427 825 stellae
1461 788 1502 824 in
1535 788 1825 825 iumamentof‘

110 848 142 873 10
160 843 286 880 Juxta
324 846 431 889 quod
469 846 592 882 etiam
624 846 719 882 dicit
751 845 983 883 Strabus2
1023 846 1131 892 quod
1169 847 1329 884 caelum
1366 857 1614 893 empyreum,
1652 857 1749 884 mox
1785 849 1828 884 ut

162 904 343 941 crea-tum
365 905 438 947 est,
464 905 597 941 beatis
618 905 825 950 spiritibus
847 906 910 941 est
929 906 1141 951 repletum.
1181 905 1241 943 Ita
1261 906 1383 942 etiam
1403 906 1590 943 homines
1609 907 1828 943 beatificati

162 971 236 998 suo
264 963 385 999 modo
411 963 627 1009 replebunt
652 964 823 1000 caelum.
871 963 919 1000 Et
945 965 1040 1009 quia
1064 964 1106 1000 in
1132 964 1202 1001 tali
1227 964 1307 1001 situ
1332 965 1584 1011 impossibile
1612 967 1686 1008 est,
1721 965 1828 1010 quod

162 1031 306 1058 omnes
327 1032 371 1059 se
389 1023 556 1060 videant
574 1023 749 1060 faciliter
769 1024 809 1060 et
829 1023 994 1066 directe,
1020 1024 1216 1069 possibile
1237 1025 1301 1060 est
1320 1025 1364 1060 ut
1382 1025 1434 1061 ad
1454 1024 1828 1070 multiplicationem

162 1081 445 1119 delectationis
471 1084 717 1119 moveantur
741 1083 793 1119 ad
818 1082 1040 1119 videndum
1066 1082 1231 1125 directe,
1269 1083 1377 1128 quod
1402 1083 1542 1120 vident
1577 1083 1750 1129 oblique,
1789 1085 1829 1119 et

111 1149 141 1175 15
160 1139 265 1177 forte
290 1150 430 1187 prope,
457 1142 566 1187 quod
590 1141 731 1178 vident
756 1151 782 1178 a
806 1141 987 1184 remotis,
1013 1141 1135 1178 immo
1160 1143 1204 1178 ut
1227 1142 1267 1178 et
1285 1141 1417 1179 Deum
1435 1142 1567 1188 ipsum
1587 1142 1828 1188 ubicumque

160 1199 337 1236 videant.
386 1199 504 1237 Unde
531 1200 626 1237 dicit
650 1200 972 1246 Augustinus,
1000 1200 1122 1237 XXII.
1149 1201 1208 1237 De
1234 1201 1418 1245 Civitate,
1449 1210 1536 1247 cap.
1562 1202 1650 1238 283:
1678 1201 1828 1245 „Valde

161 1259 354 1295 credibile
380 1260 445 1296 est
470 1260 529 1296 sic
554 1269 631 1296 nos
658 1269 753 1296 esse
779 1259 942 1296 visuros
968 1260 1176 1296 mundana
1200 1261 1296 1296 tunc
1321 1269 1496 1306 corpora
1530 1260 1633 1297 caeli
1667 1260 1763 1296 novi
1789 1262 1830 1297 et

160 1319 295 1354 terrae
321 1328 467 1361 novae,
505 1319 549 1354 ut
573 1318 704 1355 Deum
737 1318 887 1364 ubique
912 1319 1174 1364 praesentem
1201 1320 1241 1355 et
1265 1319 1460 1356 universa
1485 1329 1659 1364 corpora
1685 1320 1829 1365 guber-

160 1378 339 1419 nantem,
376 1387 450 1423 per
484 1387 659 1424 corpora
690 1386 795 1424 quae
830 1377 1083 1424 gestabimus
1110 1378 1151 1414 et
1176 1378 1472 1424 conspiciemus
1499 1387 1828 1424 quaquaversum

108 1450 142 1475 20
162 1436 302 1473 oculos
328 1437 575 1480 duxerimus,
602 1436 829 1474 clarissima
853 1437 1145 1483 perspicuitate
1170 1437 1417 1474 videamus.“

299 1495 398 1533 Item
422 1497 591 1542 propter
615 1495 912 1542 perfectionem
936 1496 1096 1532 illorum
1117 1506 1334 1542 corporum
1355 1496 1622 1542 corporaliter
1643 1498 1683 1532 et
1703 1496 1829 1532 sensi-

159 1555 296 1591 biliter
333 1555 624 1592 declarandam
662 1556 806 1592 contra
842 1555 1148 1592 inclinationem
1192 1556 1421 1591 naturalem
1457 1555 1615 1592 illorum
1653 1555 1830 1591 elemen-

160 1614 303 1656 torum,
341 1615 385 1651 ut
418 1624 493 1660 per
527 1615 606 1651 hoc
639 1615 825 1660 potestas
859 1614 1016 1660 gloriae
1052 1615 1250 1660 appareat
1276 1623 1401 1660 super
1425 1615 1624 1656 naturam,
1661 1615 1831 1659 propter

162 1673 271 1718 quod
296 1674 570 1711 movebuntur
593 1673 700 1710 forte
726 1674 849 1710 modo
875 1675 987 1710 motu
1012 1674 1138 1716 recto,
1165 1673 1457 1710 descendendo
1485 1674 1526 1709 et
1551 1673 1828 1714 ascendendO,

108 1745 142 1770 25
161 1733 282 1769 modo
309 1732 485 1778 obliquo,
510 1742 585 1778 per
611 1733 714 1770 caeli
740 1732 934 1769 circulum
960 1732 1240 1769 discurrendo.

300 1791 552 1838 Argumenta
576 1791 698 1838 igitur
723 1791 776 1828 ad
800 1792 971 1837 primam
996 1792 1153 1837 partem
1180 1791 1346 1827 inducta
1383 1791 1538 1836 primae
1577 1790 1830 1836 quaestionis

162 1850 333 1886 concedi
356 1852 538 1896 possunt.
589 1851 652 1887 Ad
677 1851 964 1887 auctoritatem
999 1852 1139 1886 tamen
1171 1850 1472 1896 Augustini4,
1510 1859 1616 1895 quae
1653 1849 1830 1894 loquitur

162 1909 213 1945 de
238 1910 423 1955 potentia
449 1910 704 1952 comedendi,
731 1910 948 1946 dicendum
974 1909 1083 1955 quod
1109 1910 1304 1954 quantum
1328 1909 1380 1945 ad
1400 1908 1643 1945 divisionem
1665 1909 1705 1944 et
1725 1917 1831 1944 com·

161 1967 428 2005 minutionem
454 1969 532 2005 cibi
557 1978 631 2014 per
657 1969 802 2005 dentes
828 1969 1038 2005 habebunt
1062 1969 1311 2013 potestatem
1344 1967 1597 2009 comedendi,
1637 1968 1829 2012 quantum

109 2043 142 2067 30
162 2027 285 2063 etiam
310 2028 363 2064 ad
388 2028 673 2064 traiectionem
699 2028 779 2064 cibi
802 2028 843 2064 in
868 2027 1067 2064 interiora
1091 2027 1183 2063 loca
1209 2026 1404 2072 corporis,
1443 2026 1516 2063 sed
1550 2027 1744 2071 quantum
1778 2026 1830 2062 ad

163 2086 477 2123 conversionem
503 2087 582 2123 cibi
606 2086 647 2122 in
673 2087 862 2123 naturam
887 2086 1081 2131 corporis,
1109 2085 1274 2122 omnino
1300 2085 1575 2130 impassibilis,
1601 2095 1685 2121 non
1709 2085 1830 2135 habe-

161 2145 262 2181 bunt
287 2146 420 2182 actum
447 2144 721 2187 comestionis,
756 2145 946 2181 nimirum
977 2146 1092 2181 actus
1128 2144 1393 2180 comestionis
1429 2144 1618 2189 expletae
1652 2143 1694 2179 in
1717 2145 1731 2186 ΙΙ
1754 2152 1825 2179 ore
1852 2154 1913 2186 rol.
1937 2154 2038 2186 32ra

162 2203 415 2240 comedentis
442 2214 533 2240 cum
558 2203 801 2240 traiectione
828 2204 907 2240 cibi
933 2203 1105 2239 comesti
1130 2203 1171 2239 in
1197 2202 1393 2239 interiora
1417 2201 1603 2245 hominis,
1630 2202 1718 2239 sive
1739 2210 1831 2238 con-

162 2263 355 2304 vertatur,
383 2263 470 2299 sive
496 2272 590 2304 non,
616 2272 694 2299 nec
721 2263 779 2299 sic
794 2262 978 2299 Christus
1000 2262 1185 2298 comedit.
1222 2261 1340 2297 Unde
1361 2261 1487 2302 cibus,
1514 2270 1634 2305 quem
1648 2259 1829 2296 Christus

110 2337 143 2363 35
164 2321 341 2358 comedit
364 2322 459 2366 post
482 2321 839 2364 resurrectionem,
867 2321 908 2357 in
934 2330 1056 2357 auras
1084 2330 1310 2357 conversus
1338 2321 1411 2356 est.

303 2438 320 2469 1
349 2436 479 2476 actum]
509 2436 546 2474 -1-
575 2445 648 2469 non
748 2437 767 2469 9
795 2435 914 2475 situm]
940 2444 1063 2469 secum
1167 2436 1208 2468 14
1235 2436 1280 2468 ad
1305 2435 1496 2468 videndum
1522 2433 1670 2473 directe]
1697 2434 1830 2466 directe

163 2490 209 2522 ad
233 2490 425 2522 videndum
510 2490 553 2521 17
578 2488 675 2528 novi]
701 2489 799 2521 movi
883 2489 924 2521 19
953 2487 1257 2529 quaquaversum]
1286 2497 1369 2529 qum
1394 2496 1539 2520 versum
1624 2488 1665 2519 34
1691 2496 1759 2519 nec
1779 2487 1830 2518 sic

163 2542 325 2575 Christus
351 2541 518 2581 comedit]
545 2543 632 2575 ante
655 2542 821 2574 nimirum

304 2648 317 2670 ¹
345 2649 480 2682 Glossa
506 2648 728 2681 ordinaria:
766 2648 958 2688 „Fortasse
994 2648 1101 2680 etiam
1134 2648 1226 2680 sicut
1260 2647 1439 2679 ordinavit
1466 2647 1563 2679 Deus
1590 2646 1715 2678 stellas
1740 2645 1832 2677 caeli

165 2703 201 2734 et
219 2702 391 2734 mirandis
411 2702 610 2734 rationibus
630 2701 831 2739 collocavit,
854 2700 943 2732 alias
963 2700 999 2732 in
1020 2709 1090 2732 axe
1111 2700 1301 2741 aquilonis,
1323 2699 1413 2732 alias
1433 2700 1469 2731 in
1488 2699 1651 2739 partibus
1672 2698 1830 2734 orientis,

165 2755 256 2786 alias
281 2754 317 2786 in
343 2755 465 2787 austro
486 2755 521 2786 et
541 2754 632 2786 alias
651 2754 689 2785 in
708 2760 858 2785 occasu:
884 2753 935 2785 ita
955 2761 1029 2791 eos,
1058 2752 1119 2793 qui
1139 2761 1187 2785 ex
1205 2752 1471 2784 resurrectione
1490 2752 1709 2783 mortuorum
1729 2751 1832 2782 erunt

166 2807 257 2839 sicut
283 2807 410 2839 stellae
435 2807 529 2839 caeli
552 2806 590 2839 in
613 2806 837 2839 multitudine
864 2806 900 2838 et
924 2805 1100 2845 claritate,
1126 2805 1314 2837 venientes
1340 2804 1477 2837 scilicet
1496 2812 1544 2836 ex
1563 2804 1699 2835 semine
1718 2803 1831 2835 Abra-

165 2861 244 2900 hae,
272 2860 450 2892 ordinabit
474 2860 511 2892 in
535 2868 650 2900 regno
671 2859 854 2891 caelorum
874 2859 1070 2890 secundum
1091 2858 1252 2890 ordinem
1271 2857 1456 2889 stellarum
1477 2857 1512 2888 et
1530 2856 1686 2896 partium
1704 2853 1828 2887 caeli.“

303 2911 319 2934 2
343 2912 382 2945 In
409 2913 545 2945 Glossa
571 2912 772 2945 ordinaria
798 2912 844 2943 ad
871 2911 957 2943 Gen.
985 2911 1008 2950 I,
1031 2911 1069 2943 1:
1098 2910 1267 2950 „Caelum
1292 2918 1364 2942 non
1388 2909 1531 2941 visibile
1556 2909 1829 2946 firmamentum,

166 2966 232 2998 sed
257 2974 476 3005 empyreum,
501 2966 522 2997 i.
550 2974 580 2997 e.
607 2965 752 3006 igneum
777 2964 837 2995 vel
861 2963 1114 3002 intellectuale,
1143 2962 1238 3003 quod
1262 2970 1336 2994 non
1360 2961 1406 2994 ab
1433 2961 1561 2993 ardore
1584 2960 1649 2993 sed
1669 2969 1691 2993 a
1710 2960 1829 3001 splen-

166 3018 254 3050 dore
280 3018 423 3057 dicitur;
450 3017 564 3058 quod
589 3017 741 3049 statim
766 3016 985 3056 repletum
1011 3016 1078 3048 est
1102 3012 1311 3056 angelis.“

305 3069 320 3091 3
343 3070 445 3109 XXII,
472 3070 514 3102 29
541 3068 612 3109 (PL
638 3070 691 3108 41,
719 3069 784 3101 800
810 3078 842 3101 n.
871 3067 916 3107 6).
1059 3066 1072 3089 ¹³
1097 3067 1188 3099 Vide
1215 3075 1327 3107 Supra
1352 3074 1435 3106 pag.
1464 3066 1539 3105 133,
1565 3065 1596 3097 A
1623 3066 1653 3098 3.
