<?xml version="1.0" encoding="UTF-8"?>
<!DOCTYPE html PUBLIC "-//W3C//DTD XHTML 1.0 Transitional//EN"
    "http://www.w3.org/TR/xhtml1/DTD/xhtml1-transitional.dtd">
<html xmlns="http://www.w3.org/1999/xhtml" xml:lang="en" lang="en">
 <head>
  <title>
</title>
<meta http-equiv="Content-Type" content="text/html;charset=utf-8" />
  <meta name='ocr-system' content='tesseract 3.04.00' />
  <meta name='ocr-capabilities' content='ocr_page ocr_carea ocr_par ocr_line ocrx_word'/>
</head>
<body>
  <div class='ocr_page' id='page_1' title='image "./johannispechamiq00peck/johannispechamiq00peck_0102.png"; bbox 0 0 2095 3459; ppageno 0'>
   <div class='ocr_carea' id='block_1_1' title="bbox 314 210 1472 249">
    <p class='ocr_par' dir='ltr' id='par_1_1' title="bbox 314 210 1472 249">
     <span class='ocr_line' id='line_1_1' title="bbox 314 210 1472 249; baseline 0 -4"><span class='ocrx_word' id='word_1_1' title='bbox 314 214 359 249; x_wconf 83' lang='lat'>58</span> <span class='ocrx_word' id='word_1_2' title='bbox 823 212 843 245; x_wconf 77' lang='lat' dir='ltr'><strong>J</strong></span> <span class='ocrx_word' id='word_1_3' title='bbox 846 210 999 245; x_wconf 85' lang='lat' dir='ltr'>ohannis</span> <span class='ocrx_word' id='word_1_4' title='bbox 1025 212 1193 245; x_wconf 87' lang='lat' dir='ltr'>Pechami</span> <span class='ocrx_word' id='word_1_5' title='bbox 1221 212 1472 249; x_wconf 87' lang='lat' dir='ltr'>Quaestiones.</span> 
     </span>
    </p>
   </div>
   <div class='ocr_carea' id='block_1_2' title="bbox 317 308 2046 2426">
    <p class='ocr_par' dir='ltr' id='par_1_2' title="bbox 317 308 1989 467">
     <span class='ocr_line' id='line_1_2' title="bbox 458 308 1988 354; baseline -0.001 -7"><span class='ocrx_word' id='word_1_6' title='bbox 458 312 512 347; x_wconf 83' lang='lat'>21.</span> <span class='ocrx_word' id='word_1_7' title='bbox 539 310 599 347; x_wconf 92' lang='lat' dir='ltr'>Ad</span> <span class='ocrx_word' id='word_1_8' title='bbox 627 310 863 346; x_wconf 85' lang='lat' dir='ltr'>vicesimum</span> <span class='ocrx_word' id='word_1_9' title='bbox 889 309 1061 354; x_wconf 89' lang='lat' dir='ltr'>primum</span> <span class='ocrx_word' id='word_1_10' title='bbox 1087 310 1210 354; x_wconf 83' lang='lat' dir='ltr'>patet,</span> <span class='ocrx_word' id='word_1_11' title='bbox 1249 309 1345 354; x_wconf 89' lang='lat' dir='ltr'>quia</span> <span class='ocrx_word' id='word_1_12' title='bbox 1382 319 1465 345; x_wconf 92' lang='lat' dir='ltr'>non</span> <span class='ocrx_word' id='word_1_13' title='bbox 1505 310 1569 345; x_wconf 91' lang='lat' dir='ltr'>est</span> <span class='ocrx_word' id='word_1_14' title='bbox 1595 308 1871 354; x_wconf 82' lang='lat' dir='ltr'>appropriatio</span> <span class='ocrx_word' id='word_1_15' title='bbox 1899 309 1988 345; x_wconf 91' lang='lat' dir='ltr'>sub-</span> 
     </span>
     <span class='ocr_line' id='line_1_3' title="bbox 318 367 1989 414; baseline -0.001 -8"><span class='ocrx_word' id='word_1_16' title='bbox 318 370 520 407; x_wconf 87' lang='lat' dir='ltr'>stantialis</span> <span class='ocrx_word' id='word_1_17' title='bbox 559 379 632 414; x_wconf 92' lang='lat' dir='ltr'>per</span> <span class='ocrx_word' id='word_1_18' title='bbox 666 368 896 405; x_wconf 89' lang='lat' dir='ltr'>accidentia</span> <span class='ocrx_word' id='word_1_19' title='bbox 921 368 1056 410; x_wconf 88' lang='lat' dir='ltr'>animi,</span> <span class='ocrx_word' id='word_1_20' title='bbox 1084 368 1178 412; x_wconf 92' lang='lat' dir='ltr'>quia</span> <span class='ocrx_word' id='word_1_21' title='bbox 1203 369 1370 413; x_wconf 87' lang='lat' dir='ltr'>praeter</span> <span class='ocrx_word' id='word_1_22' title='bbox 1406 368 1474 404; x_wconf 88' lang='lat' dir='ltr'>illa</span> <span class='ocrx_word' id='word_1_23' title='bbox 1500 367 1731 404; x_wconf 88' lang='lat' dir='ltr'>accidentia</span> <span class='ocrx_word' id='word_1_24' title='bbox 1756 367 1989 404; x_wconf 78' lang='lat' dir='ltr'>differentia</span> 
     </span>
     <span class='ocr_line' id='line_1_4' title="bbox 317 427 1011 467; baseline -0.004 -1"><span class='ocrx_word' id='word_1_25' title='bbox 317 431 380 467; x_wconf 90' lang='lat' dir='ltr'>est</span> <span class='ocrx_word' id='word_1_26' title='bbox 406 428 683 465; x_wconf 83' lang='lat' dir='ltr'>substantialis</span> <span class='ocrx_word' id='word_1_27' title='bbox 712 427 1011 464; x_wconf 88' lang='lat' dir='ltr'>convenientia.</span> 
     </span>
    </p>

    <p class='ocr_par' dir='ltr' id='par_1_3' title="bbox 317 485 2043 1066">
     <span class='ocr_line' id='line_1_5' title="bbox 456 485 1988 530; baseline -0.001 -6"><span class='ocrx_word' id='word_1_28' title='bbox 456 489 602 525; x_wconf 85' lang='grc'>22-24-</span> <span class='ocrx_word' id='word_1_29' title='bbox 641 487 888 523; x_wconf 82' lang='lat' dir='ltr'>Vicesimum</span> <span class='ocrx_word' id='word_1_30' title='bbox 926 487 1161 528; x_wconf 88' lang='lat' dir='ltr'>secundum,</span> <span class='ocrx_word' id='word_1_31' title='bbox 1196 507 1242 511; x_wconf 92' lang='lat'><strong>—</strong></span> <span class='ocrx_word' id='word_1_32' title='bbox 1277 486 1451 527; x_wconf 87' lang='lat' dir='ltr'>tertium,</span> <span class='ocrx_word' id='word_1_33' title='bbox 1488 507 1535 511; x_wconf 91' lang='lat'>—-</span> <span class='ocrx_word' id='word_1_34' title='bbox 1567 486 1753 530; x_wconf 87' lang='lat' dir='ltr'>quartum</span> <span class='ocrx_word' id='word_1_35' title='bbox 1793 485 1988 527; x_wconf 84' lang='lat' dir='ltr'>concedo,</span> 
     </span>
     <span class='ocr_line' id='line_1_6' title="bbox 318 544 2024 592; baseline -0.003 -9"><span class='ocrx_word' id='word_1_36' title='bbox 318 547 509 592; x_wconf 91' lang='lat' dir='ltr'>quoniam</span> <span class='ocrx_word' id='word_1_37' title='bbox 535 546 672 583; x_wconf 89' lang='lat' dir='ltr'>anima</span> <span class='ocrx_word' id='word_1_38' title='bbox 697 556 779 582; x_wconf 93' lang='lat' dir='ltr'>non</span> <span class='ocrx_word' id='word_1_39' title='bbox 806 545 1040 582; x_wconf 81' lang='lat' dir='ltr'>immediate</span> <span class='ocrx_word' id='word_1_40' title='bbox 1073 545 1237 591; x_wconf 82' lang='lat' dir='ltr'>corpori</span> <span class='ocrx_word' id='word_1_41' title='bbox 1274 545 1421 587; x_wconf 90' lang='lat' dir='ltr'>unitur,</span> <span class='ocrx_word' id='word_1_42' title='bbox 1461 545 1534 581; x_wconf 89' lang='lat' dir='ltr'>sed</span> <span class='ocrx_word' id='word_1_43' title='bbox 1562 545 1667 581; x_wconf 86' lang='lat' dir='ltr'>sicut</span> <span class='ocrx_word' id='word_1_44' title='bbox 1702 544 1797 580; x_wconf 91' lang='lat' dir='ltr'>dicit</span> <span class='ocrx_word' id='word_1_45' title='bbox 1833 544 2024 591; x_wconf 79' lang='lat' dir='ltr'>Augu-5</span> 
     </span>
     <span class='ocr_line' id='line_1_7' title="bbox 317 603 1990 650; baseline -0.001 -9"><span class='ocrx_word' id='word_1_46' title='bbox 317 606 494 646; x_wconf 63' lang='lat' dir='ltr'>sicinus,</span> <span class='ocrx_word' id='word_1_47' title='bbox 523 605 580 641; x_wconf 81' lang='lat' dir='ltr'>De</span> <span class='ocrx_word' id='word_1_48' title='bbox 597 605 761 650; x_wconf 75' lang='lat' dir='ltr'>Spiritu</span> <span class='ocrx_word' id='word_1_49' title='bbox 787 607 823 641; x_wconf 76' lang='lat' dir='ltr'>et</span> <span class='ocrx_word' id='word_1_50' title='bbox 848 605 1007 641; x_wconf 75' lang='lat' dir='ltr'>Anima</span> <span class='ocrx_word' id='word_1_51' title='bbox 1032 604 1094 640; x_wconf 94' lang='lat' dir='ltr'>XI.</span> <span class='ocrx_word' id='word_1_52' title='bbox 1116 607 1248 650; x_wconf 86' lang='lat' dir='ltr'>cap.¹:</span> <span class='ocrx_word' id='word_1_53' title='bbox 1277 604 1402 648; x_wconf 86' lang='lat' dir='ltr'>„Sunt</span> <span class='ocrx_word' id='word_1_54' title='bbox 1421 604 1624 649; x_wconf 85' lang='lat' dir='ltr'>quaedam</span> <span class='ocrx_word' id='word_1_55' title='bbox 1645 603 1792 640; x_wconf 87' lang='lat' dir='ltr'>similia</span> <span class='ocrx_word' id='word_1_56' title='bbox 1807 603 1990 649; x_wconf 86' lang='lat' dir='ltr'>corporis</span> 
     </span>
     <span class='ocr_line' id='line_1_8' title="bbox 319 662 1990 710; baseline -0.002 -9"><span class='ocrx_word' id='word_1_57' title='bbox 319 674 552 710; x_wconf 88' lang='lat' dir='ltr'>supremum</span> <span class='ocrx_word' id='word_1_58' title='bbox 589 665 630 700; x_wconf 87' lang='lat' dir='ltr'>et</span> <span class='ocrx_word' id='word_1_59' title='bbox 665 664 828 710; x_wconf 87' lang='lat' dir='ltr'>spiritus</span> <span class='ocrx_word' id='word_1_60' title='bbox 852 663 1046 706; x_wconf 78' lang='lat' dir='ltr'>infimum,</span> <span class='ocrx_word' id='word_1_61' title='bbox 1085 663 1126 699; x_wconf 92' lang='lat' dir='ltr'>in</span> <span class='ocrx_word' id='word_1_62' title='bbox 1165 663 1310 708; x_wconf 89' lang='lat' dir='ltr'>quibus</span> <span class='ocrx_word' id='word_1_63' title='bbox 1348 663 1437 700; x_wconf 87' lang='lat' dir='ltr'>sine</span> <span class='ocrx_word' id='word_1_64' title='bbox 1475 664 1713 700; x_wconf 85' lang='lat' dir='ltr'>naturarum</span> <span class='ocrx_word' id='word_1_65' title='bbox 1751 662 1990 699; x_wconf 79' lang='lat' dir='ltr'>confusione</span> 
     </span>
     <span class='ocr_line' id='line_1_9' title="bbox 318 722 1989 769; baseline -0.001 -10"><span class='ocrx_word' id='word_1_66' title='bbox 318 724 526 769; x_wconf 88' lang='lat' dir='ltr'>personali</span> <span class='ocrx_word' id='word_1_67' title='bbox 564 724 716 760; x_wconf 89' lang='lat' dir='ltr'>unione</span> <span class='ocrx_word' id='word_1_68' title='bbox 752 723 944 769; x_wconf 88' lang='lat' dir='ltr'>coniungi</span> <span class='ocrx_word' id='word_1_69' title='bbox 981 724 1163 768; x_wconf 85' lang='lat' dir='ltr'>possunt.</span> <span class='ocrx_word' id='word_1_70' title='bbox 1215 723 1369 759; x_wconf 89' lang='lat' dir='ltr'>Similia</span> <span class='ocrx_word' id='word_1_71' title='bbox 1405 723 1514 759; x_wconf 90' lang='lat' dir='ltr'>enim</span> <span class='ocrx_word' id='word_1_72' title='bbox 1558 722 1756 761; x_wconf 86' lang='lat' dir='ltr'>similibus</span> <span class='ocrx_word' id='word_1_73' title='bbox 1800 722 1989 768; x_wconf 87' lang='lat' dir='ltr'>gaudent.</span> 
     </span>
     <span class='ocr_line' id='line_1_10' title="bbox 319 781 1991 828; baseline -0.001 -9"><span class='ocrx_word' id='word_1_74' title='bbox 319 783 385 819; x_wconf 89' lang='lat' dir='ltr'>Sic</span> <span class='ocrx_word' id='word_1_75' title='bbox 406 784 446 818; x_wconf 82' lang='lat' dir='ltr'>et</span> <span class='ocrx_word' id='word_1_76' title='bbox 465 783 611 825; x_wconf 88' lang='lat' dir='ltr'>anima,</span> <span class='ocrx_word' id='word_1_77' title='bbox 633 792 737 828; x_wconf 90' lang='lat' dir='ltr'>quae</span> <span class='ocrx_word' id='word_1_78' title='bbox 751 792 850 819; x_wconf 92' lang='lat' dir='ltr'>vere</span> <span class='ocrx_word' id='word_1_79' title='bbox 870 782 1033 828; x_wconf 90' lang='lat' dir='ltr'>spiritus</span> <span class='ocrx_word' id='word_1_80' title='bbox 1054 783 1127 824; x_wconf 86' lang='lat' dir='ltr'>est,</span> <span class='ocrx_word' id='word_1_81' title='bbox 1148 782 1188 818; x_wconf 90' lang='lat' dir='ltr'>et</span> <span class='ocrx_word' id='word_1_82' title='bbox 1208 791 1315 824; x_wconf 89' lang='lat' dir='ltr'>caro,</span> <span class='ocrx_word' id='word_1_83' title='bbox 1337 791 1444 827; x_wconf 89' lang='lat' dir='ltr'>quae</span> <span class='ocrx_word' id='word_1_84' title='bbox 1461 791 1560 818; x_wconf 89' lang='lat' dir='ltr'>vere</span> <span class='ocrx_word' id='word_1_85' title='bbox 1582 783 1646 818; x_wconf 89' lang='lat' dir='ltr'>est</span> <span class='ocrx_word' id='word_1_86' title='bbox 1666 790 1826 827; x_wconf 85' lang='lat' dir='ltr'>corpus,</span> <span class='ocrx_word' id='word_1_87' title='bbox 1847 781 1887 818; x_wconf 92' lang='lat' dir='ltr'>in</span> <span class='ocrx_word' id='word_1_88' title='bbox 1909 781 1991 817; x_wconf 92' lang='lat' dir='ltr'>suis</span> 
     </span>
     <span class='ocr_line' id='line_1_11' title="bbox 318 840 2043 886; baseline -0.001 -8"><span class='ocrx_word' id='word_1_89' title='bbox 318 842 643 879; x_wconf 86' lang='lat' dir='ltr'>extremitatibus</span> <span class='ocrx_word' id='word_1_90' title='bbox 669 842 788 878; x_wconf 78' lang='lat' dir='ltr'>facile</span> <span class='ocrx_word' id='word_1_91' title='bbox 816 842 856 878; x_wconf 89' lang='lat' dir='ltr'>et</span> <span class='ocrx_word' id='word_1_92' title='bbox 882 841 1178 878; x_wconf 89' lang='lat' dir='ltr'>convenienter</span> <span class='ocrx_word' id='word_1_93' title='bbox 1203 841 1396 878; x_wconf 86' lang='lat' dir='ltr'>uniuntur</span> <span class='ocrx_word' id='word_1_94' title='bbox 1420 841 1443 877; x_wconf 93' lang='grc'>1.</span> <span class='ocrx_word' id='word_1_95' title='bbox 1459 850 1493 877; x_wconf 91' lang='lat' dir='ltr'>e.</span> <span class='ocrx_word' id='word_1_96' title='bbox 1513 841 1555 877; x_wconf 92' lang='lat' dir='ltr'>in</span> <span class='ocrx_word' id='word_1_97' title='bbox 1575 840 1833 886; x_wconf 85' lang='lat' dir='ltr'>phantastico</span> <span class='ocrx_word' id='word_1_98' title='bbox 1861 841 1991 877; x_wconf 90' lang='lat' dir='ltr'>scien·</span> <span class='ocrx_word' id='word_1_99' title='bbox 2010 846 2043 871; x_wconf 89' lang='lat'>10</span> 
     </span>
     <span class='ocr_line' id='line_1_12' title="bbox 318 899 1991 947; baseline -0.001 -9"><span class='ocrx_word' id='word_1_100' title='bbox 318 902 410 943; x_wconf 87' lang='lat' dir='ltr'>tiae,</span> <span class='ocrx_word' id='word_1_101' title='bbox 432 902 538 946; x_wconf 91' lang='lat' dir='ltr'>quod</span> <span class='ocrx_word' id='word_1_102' title='bbox 559 911 707 947; x_wconf 92' lang='lat' dir='ltr'>corpus</span> <span class='ocrx_word' id='word_1_103' title='bbox 728 911 811 937; x_wconf 91' lang='lat' dir='ltr'>non</span> <span class='ocrx_word' id='word_1_104' title='bbox 832 902 905 943; x_wconf 87' lang='lat' dir='ltr'>est,</span> <span class='ocrx_word' id='word_1_105' title='bbox 930 900 1003 937; x_wconf 86' lang='lat' dir='ltr'>sed</span> <span class='ocrx_word' id='word_1_106' title='bbox 1023 901 1156 937; x_wconf 85' lang='lat' dir='ltr'>simile</span> <span class='ocrx_word' id='word_1_107' title='bbox 1179 901 1342 946; x_wconf 85' lang='lat' dir='ltr'>corpori</span> <span class='ocrx_word' id='word_1_108' title='bbox 1362 902 1403 937; x_wconf 89' lang='lat' dir='ltr'>et</span> <span class='ocrx_word' id='word_1_109' title='bbox 1429 900 1688 937; x_wconf 87' lang='lat' dir='ltr'>sensualitati</span> <span class='ocrx_word' id='word_1_110' title='bbox 1713 899 1859 942; x_wconf 87' lang='lat' dir='ltr'>carnis,</span> <span class='ocrx_word' id='word_1_111' title='bbox 1887 909 1991 945; x_wconf 90' lang='lat' dir='ltr'>quae</span> 
     </span>
     <span class='ocr_line' id='line_1_13' title="bbox 319 959 1991 1006; baseline -0.001 -9"><span class='ocrx_word' id='word_1_112' title='bbox 319 971 417 998; x_wconf 90' lang='lat' dir='ltr'>vere</span> <span class='ocrx_word' id='word_1_113' title='bbox 455 961 618 1006; x_wconf 88' lang='lat' dir='ltr'>spiritus</span> <span class='ocrx_word' id='word_1_114' title='bbox 657 961 730 1001; x_wconf 91' lang='lat' dir='ltr'>est,</span> <span class='ocrx_word' id='word_1_115' title='bbox 767 960 862 1005; x_wconf 89' lang='lat' dir='ltr'>quia</span> <span class='ocrx_word' id='word_1_116' title='bbox 894 960 983 996; x_wconf 89' lang='lat' dir='ltr'>sine</span> <span class='ocrx_word' id='word_1_117' title='bbox 1010 960 1146 996; x_wconf 88' lang='lat' dir='ltr'>anima</span> <span class='ocrx_word' id='word_1_118' title='bbox 1179 959 1270 996; x_wconf 83' lang='lat' dir='ltr'>fieri</span> <span class='ocrx_word' id='word_1_119' title='bbox 1304 970 1388 996; x_wconf 92' lang='lat' dir='ltr'>non</span> <span class='ocrx_word' id='word_1_120' title='bbox 1422 960 1592 1005; x_wconf 89' lang='lat' dir='ltr'>potest.“</span> <span class='ocrx_word' id='word_1_121' title='bbox 1643 959 1691 996; x_wconf 93' lang='lat' dir='ltr'>Et</span> <span class='ocrx_word' id='word_1_122' title='bbox 1715 959 1794 996; x_wconf 90' lang='lat' dir='ltr'>hoc</span> <span class='ocrx_word' id='word_1_123' title='bbox 1819 959 1991 1004; x_wconf 88' lang='lat' dir='ltr'>amplius</span> 
     </span>
     <span class='ocr_line' id='line_1_14' title="bbox 320 1018 1787 1066; baseline -0.002 -9"><span class='ocrx_word' id='word_1_124' title='bbox 320 1030 443 1066; x_wconf 89' lang='lat' dir='ltr'>supra</span> <span class='ocrx_word' id='word_1_125' title='bbox 468 1020 699 1065; x_wconf 89' lang='lat' dir='ltr'>expositum</span> <span class='ocrx_word' id='word_1_126' title='bbox 727 1021 800 1061; x_wconf 86' lang='lat' dir='ltr'>est,</span> <span class='ocrx_word' id='word_1_127' title='bbox 826 1019 981 1056; x_wconf 88' lang='lat' dir='ltr'>scilicet</span> <span class='ocrx_word' id='word_1_128' title='bbox 1006 1019 1047 1055; x_wconf 93' lang='lat' dir='ltr'>in</span> <span class='ocrx_word' id='word_1_129' title='bbox 1073 1018 1155 1055; x_wconf 79' lang='lat' dir='ltr'>iine</span> <span class='ocrx_word' id='word_1_130' title='bbox 1181 1019 1470 1064; x_wconf 87' lang='lat' dir='ltr'>praecedentis</span> <span class='ocrx_word' id='word_1_131' title='bbox 1498 1018 1751 1064; x_wconf 87' lang='lat' dir='ltr'>quaestionis</span> <span class='ocrx_word' id='word_1_132' title='bbox 1762 1020 1787 1054; x_wconf 83' lang='lat'>2.</span> 
     </span>
    </p>

    <p class='ocr_par' dir='ltr' id='par_1_4' title="bbox 321 1077 2045 1242">
     <span class='ocr_line' id='line_1_15' title="bbox 460 1077 1992 1124; baseline -0.001 -9"><span class='ocrx_word' id='word_1_133' title='bbox 460 1080 514 1115; x_wconf 86' lang='grc'>25.</span> <span class='ocrx_word' id='word_1_134' title='bbox 550 1079 611 1115; x_wconf 93' lang='lat' dir='ltr'>Ad</span> <span class='ocrx_word' id='word_1_135' title='bbox 646 1079 883 1115; x_wconf 90' lang='lat' dir='ltr'>vicesimum</span> <span class='ocrx_word' id='word_1_136' title='bbox 910 1078 1093 1123; x_wconf 85' lang='lat' dir='ltr'>quintum</span> <span class='ocrx_word' id='word_1_137' title='bbox 1119 1079 1232 1124; x_wconf 88' lang='lat' dir='ltr'>patet</span> <span class='ocrx_word' id='word_1_138' title='bbox 1258 1079 1367 1123; x_wconf 88' lang='lat' dir='ltr'>quod</span> <span class='ocrx_word' id='word_1_139' title='bbox 1393 1079 1531 1124; x_wconf 90' lang='lat' dir='ltr'>potest</span> <span class='ocrx_word' id='word_1_140' title='bbox 1557 1087 1653 1114; x_wconf 89' lang='lat' dir='ltr'>esse</span> <span class='ocrx_word' id='word_1_141' title='bbox 1679 1078 1720 1114; x_wconf 92' lang='lat' dir='ltr'>in</span> <span class='ocrx_word' id='word_1_142' title='bbox 1746 1087 1820 1114; x_wconf 93' lang='lat' dir='ltr'>suo</span> <span class='ocrx_word' id='word_1_143' title='bbox 1846 1077 1992 1114; x_wconf 92' lang='lat' dir='ltr'>minori</span> 
     </span>
     <span class='ocr_line' id='line_1_16' title="bbox 321 1137 2045 1183; baseline -0.001 -8"><span class='ocrx_word' id='word_1_144' title='bbox 321 1139 471 1175; x_wconf 89' lang='lat' dir='ltr'>mundo</span> <span class='ocrx_word' id='word_1_145' title='bbox 499 1138 659 1183; x_wconf 88' lang='lat' dir='ltr'>ubique,</span> <span class='ocrx_word' id='word_1_146' title='bbox 687 1138 792 1174; x_wconf 89' lang='lat' dir='ltr'>sicut</span> <span class='ocrx_word' id='word_1_147' title='bbox 817 1137 928 1174; x_wconf 87' lang='lat' dir='ltr'>Deus</span> <span class='ocrx_word' id='word_1_148' title='bbox 955 1137 996 1173; x_wconf 91' lang='lat' dir='ltr'>in</span> <span class='ocrx_word' id='word_1_149' title='bbox 1022 1137 1167 1174; x_wconf 85' lang='lat' dir='ltr'>maiori</span> <span class='ocrx_word' id='word_1_150' title='bbox 1191 1138 1355 1174; x_wconf 90' lang='lat' dir='ltr'>mundo.</span> <span class='ocrx_word' id='word_1_151' title='bbox 1404 1137 1452 1173; x_wconf 91' lang='lat' dir='ltr'>Et</span> <span class='ocrx_word' id='word_1_152' title='bbox 1478 1137 1601 1174; x_wconf 88' lang='lat' dir='ltr'>habet</span> <span class='ocrx_word' id='word_1_153' title='bbox 1636 1137 1716 1173; x_wconf 92' lang='lat' dir='ltr'>hoc</span> <span class='ocrx_word' id='word_1_154' title='bbox 1754 1146 1807 1174; x_wconf 87' lang='lat' dir='ltr'>ex</span> <span class='ocrx_word' id='word_1_155' title='bbox 1844 1137 2045 1182; x_wconf 89' lang='lat' dir='ltr'>simpli-15</span> 
     </span>
     <span class='ocr_line' id='line_1_17' title="bbox 321 1196 1991 1242; baseline -0.001 -9"><span class='ocrx_word' id='word_1_156' title='bbox 321 1198 500 1240; x_wconf 84' lang='lat' dir='ltr'>c&lt;itat&gt;is</span> <span class='ocrx_word' id='word_1_157' title='bbox 516 1197 678 1234; x_wconf 90' lang='lat' dir='ltr'>divinae</span> <span class='ocrx_word' id='word_1_158' title='bbox 689 1197 1012 1242; x_wconf 87' lang='lat' dir='ltr'>participatione,</span> <span class='ocrx_word' id='word_1_159' title='bbox 1022 1206 1099 1233; x_wconf 91' lang='lat' dir='ltr'>nec</span> <span class='ocrx_word' id='word_1_160' title='bbox 1114 1198 1276 1242; x_wconf 90' lang='lat' dir='ltr'>oportet</span> <span class='ocrx_word' id='word_1_161' title='bbox 1287 1198 1396 1242; x_wconf 91' lang='lat' dir='ltr'>quod</span> <span class='ocrx_word' id='word_1_162' title='bbox 1405 1197 1504 1239; x_wconf 86' lang='lat' dir='ltr'>&lt;sit&gt;</span> <span class='ocrx_word' id='word_1_163' title='bbox 1513 1196 1553 1233; x_wconf 93' lang='lat' dir='ltr'>in</span> <span class='ocrx_word' id='word_1_164' title='bbox 1568 1196 1751 1242; x_wconf 87' lang='lat' dir='ltr'>pluribus</span> <span class='ocrx_word' id='word_1_165' title='bbox 1763 1196 1991 1241; x_wconf 86' lang='lat' dir='ltr'>disparatis.</span> 
     </span>
    </p>

    <p class='ocr_par' dir='ltr' id='par_1_5' title="bbox 320 1254 2044 1478">
     <span class='ocr_line' id='line_1_18' title="bbox 458 1254 1993 1301; baseline -0.001 -9"><span class='ocrx_word' id='word_1_166' title='bbox 458 1258 512 1292; x_wconf 88' lang='grc'>26.</span> <span class='ocrx_word' id='word_1_167' title='bbox 540 1256 601 1292; x_wconf 90' lang='lat' dir='ltr'>Ad</span> <span class='ocrx_word' id='word_1_168' title='bbox 627 1256 868 1292; x_wconf 88' lang='lat' dir='ltr'>vicesimum</span> <span class='ocrx_word' id='word_1_169' title='bbox 894 1257 1056 1292; x_wconf 89' lang='lat' dir='ltr'>sextum</span> <span class='ocrx_word' id='word_1_170' title='bbox 1083 1256 1196 1301; x_wconf 90' lang='lat' dir='ltr'>patet</span> <span class='ocrx_word' id='word_1_171' title='bbox 1223 1257 1331 1301; x_wconf 94' lang='lat' dir='ltr'>quod</span> <span class='ocrx_word' id='word_1_172' title='bbox 1358 1255 1455 1292; x_wconf 92' lang='lat' dir='ltr'>illud</span> <span class='ocrx_word' id='word_1_173' title='bbox 1481 1265 1630 1301; x_wconf 88' lang='lat' dir='ltr'>corpus</span> <span class='ocrx_word' id='word_1_174' title='bbox 1656 1265 1740 1291; x_wconf 91' lang='lat' dir='ltr'>non</span> <span class='ocrx_word' id='word_1_175' title='bbox 1759 1255 1895 1291; x_wconf 91' lang='lat' dir='ltr'>unitur</span> <span class='ocrx_word' id='word_1_176' title='bbox 1914 1254 1993 1291; x_wconf 91' lang='lat' dir='ltr'>nisi</span> 
     </span>
     <span class='ocr_line' id='line_1_19' title="bbox 320 1314 1993 1362; baseline -0.001 -10"><span class='ocrx_word' id='word_1_177' title='bbox 320 1325 393 1362; x_wconf 90' lang='lat' dir='ltr'>per</span> <span class='ocrx_word' id='word_1_178' title='bbox 418 1315 672 1352; x_wconf 79' lang='lat' dir='ltr'>influentiam</span> <span class='ocrx_word' id='word_1_179' title='bbox 698 1325 813 1352; x_wconf 89' lang='lat' dir='ltr'>suam</span> <span class='ocrx_word' id='word_1_180' title='bbox 841 1315 882 1352; x_wconf 92' lang='lat' dir='ltr'>et</span> <span class='ocrx_word' id='word_1_181' title='bbox 907 1325 989 1351; x_wconf 93' lang='lat' dir='ltr'>non</span> <span class='ocrx_word' id='word_1_182' title='bbox 1016 1315 1120 1351; x_wconf 90' lang='lat' dir='ltr'>sicut</span> <span class='ocrx_word' id='word_1_183' title='bbox 1144 1315 1285 1352; x_wconf 77' lang='lat' dir='ltr'>forma.</span> <span class='ocrx_word' id='word_1_184' title='bbox 1324 1315 1420 1352; x_wconf 91' lang='lat' dir='ltr'>Ideo</span> <span class='ocrx_word' id='word_1_185' title='bbox 1446 1325 1530 1351; x_wconf 91' lang='lat' dir='ltr'>non</span> <span class='ocrx_word' id='word_1_186' title='bbox 1557 1316 1621 1352; x_wconf 88' lang='lat' dir='ltr'>est</span> <span class='ocrx_word' id='word_1_187' title='bbox 1647 1314 1788 1351; x_wconf 90' lang='lat' dir='ltr'>simile.</span> <span class='ocrx_word' id='word_1_188' title='bbox 1837 1314 1993 1351; x_wconf 85' lang='lat' dir='ltr'>Tamen</span> 
     </span>
     <span class='ocr_line' id='line_1_20' title="bbox 320 1373 1992 1421; baseline -0.001 -10"><span class='ocrx_word' id='word_1_189' title='bbox 320 1375 516 1421; x_wconf 90' lang='lat' dir='ltr'>possibile</span> <span class='ocrx_word' id='word_1_190' title='bbox 543 1376 616 1416; x_wconf 85' lang='lat' dir='ltr'>est,</span> <span class='ocrx_word' id='word_1_191' title='bbox 644 1375 752 1420; x_wconf 91' lang='lat' dir='ltr'>quod</span> <span class='ocrx_word' id='word_1_192' title='bbox 778 1374 922 1419; x_wconf 86' lang='lat' dir='ltr'>aliquis</span> <span class='ocrx_word' id='word_1_193' title='bbox 947 1384 1051 1411; x_wconf 90' lang='lat' dir='ltr'>unus</span> <span class='ocrx_word' id='word_1_194' title='bbox 1078 1375 1253 1420; x_wconf 88' lang='lat' dir='ltr'>spiritus,</span> <span class='ocrx_word' id='word_1_195' title='bbox 1293 1375 1397 1411; x_wconf 88' lang='lat' dir='ltr'>sicut</span> <span class='ocrx_word' id='word_1_196' title='bbox 1431 1374 1568 1411; x_wconf 88' lang='lat' dir='ltr'>anima</span> <span class='ocrx_word' id='word_1_197' title='bbox 1593 1374 1751 1415; x_wconf 89' lang='lat' dir='ltr'>Christi,</span> <span class='ocrx_word' id='word_1_198' title='bbox 1784 1373 1927 1410; x_wconf 79' lang='lat' dir='ltr'>influat</span> <span class='ocrx_word' id='word_1_199' title='bbox 1951 1373 1992 1410; x_wconf 90' lang='lat' dir='ltr'>in</span> 
     </span>
     <span class='ocr_line' id='line_1_21' title="bbox 323 1433 2044 1478; baseline -0.002 -7"><span class='ocrx_word' id='word_1_200' title='bbox 323 1444 466 1471; x_wconf 85' lang='lat' dir='ltr'>omnes</span> <span class='ocrx_word' id='word_1_201' title='bbox 492 1434 607 1475; x_wconf 86' lang='lat' dir='ltr'>alios,</span> <span class='ocrx_word' id='word_1_202' title='bbox 634 1433 702 1478; x_wconf 90' lang='lat' dir='ltr'>qui</span> <span class='ocrx_word' id='word_1_203' title='bbox 728 1443 773 1469; x_wconf 91' lang='lat' dir='ltr'>se</span> <span class='ocrx_word' id='word_1_204' title='bbox 800 1434 851 1470; x_wconf 90' lang='lat' dir='ltr'>ab</span> <span class='ocrx_word' id='word_1_205' title='bbox 878 1433 966 1470; x_wconf 90' lang='lat' dir='ltr'>eius</span> <span class='ocrx_word' id='word_1_206' title='bbox 990 1433 1203 1470; x_wconf 87' lang='lat' dir='ltr'>influentia</span> <span class='ocrx_word' id='word_1_207' title='bbox 1229 1444 1311 1471; x_wconf 92' lang='lat' dir='ltr'>non</span> <span class='ocrx_word' id='word_1_208' title='bbox 1337 1435 1536 1470; x_wconf 88' lang='lat' dir='ltr'>avertunt.</span> <span class='ocrx_word' id='word_1_209' title='bbox 2010 1437 2044 1463; x_wconf 84' lang='lat'>20</span> 
     </span>
    </p>

    <p class='ocr_par' dir='ltr' id='par_1_6' title="bbox 459 1493 1109 1538">
     <span class='ocr_line' id='line_1_22' title="bbox 459 1493 1109 1538; baseline -0.002 -8"><span class='ocrx_word' id='word_1_210' title='bbox 459 1495 514 1530; x_wconf 83' lang='lat'>27.</span> <span class='ocrx_word' id='word_1_211' title='bbox 541 1493 813 1529; x_wconf 78' lang='lat' dir='ltr'>Desideratur</span> <span class='ocrx_word' id='word_1_212' title='bbox 830 1514 875 1518; x_wconf 89' lang='lat'>—</span> <span class='ocrx_word' id='word_1_213' title='bbox 894 1495 941 1529; x_wconf 81' lang='lat' dir='ltr'>ut</span> <span class='ocrx_word' id='word_1_214' title='bbox 964 1502 1109 1538; x_wconf 81' lang='lat' dir='ltr'>supra.</span> 
     </span>
    </p>

    <p class='ocr_par' dir='ltr' id='par_1_7' title="bbox 322 1550 2046 2071">
     <span class='ocr_line' id='line_1_23' title="bbox 461 1550 1993 1597; baseline -0.001 -8"><span class='ocrx_word' id='word_1_215' title='bbox 461 1554 516 1589; x_wconf 83' lang='lat'>28.</span> <span class='ocrx_word' id='word_1_216' title='bbox 554 1552 615 1589; x_wconf 89' lang='lat' dir='ltr'>Ad</span> <span class='ocrx_word' id='word_1_217' title='bbox 654 1552 1039 1588; x_wconf 87' lang='lat' dir='ltr'>duodetricesimum</span> <span class='ocrx_word' id='word_1_218' title='bbox 1076 1552 1341 1595; x_wconf 89' lang='lat' dir='ltr'>&lt;dicendum&gt;</span> <span class='ocrx_word' id='word_1_219' title='bbox 1382 1553 1490 1597; x_wconf 94' lang='lat' dir='ltr'>quod</span> <span class='ocrx_word' id='word_1_220' title='bbox 1537 1562 1620 1588; x_wconf 91' lang='lat' dir='ltr'>non</span> <span class='ocrx_word' id='word_1_221' title='bbox 1659 1551 1851 1597; x_wconf 89' lang='lat' dir='ltr'>sequitur,</span> <span class='ocrx_word' id='word_1_222' title='bbox 1899 1550 1993 1596; x_wconf 87' lang='lat' dir='ltr'>quia</span> 
     </span>
     <span class='ocr_line' id='line_1_24' title="bbox 323 1610 1994 1658; baseline -0.001 -10"><span class='ocrx_word' id='word_1_223' title='bbox 323 1613 483 1658; x_wconf 90' lang='lat' dir='ltr'>tempus</span> <span class='ocrx_word' id='word_1_224' title='bbox 505 1612 767 1657; x_wconf 87' lang='lat' dir='ltr'>consequitur</span> <span class='ocrx_word' id='word_1_225' title='bbox 786 1612 919 1647; x_wconf 86' lang='lat' dir='ltr'>motus</span> <span class='ocrx_word' id='word_1_226' title='bbox 947 1611 1145 1654; x_wconf 87' lang='lat' dir='ltr'>diversos,</span> <span class='ocrx_word' id='word_1_227' title='bbox 1172 1612 1212 1648; x_wconf 94' lang='lat' dir='ltr'>in</span> <span class='ocrx_word' id='word_1_228' title='bbox 1232 1613 1427 1656; x_wconf 88' lang='lat' dir='ltr'>quantum</span> <span class='ocrx_word' id='word_1_229' title='bbox 1450 1612 1697 1648; x_wconf 83' lang='lat' dir='ltr'>concurrunt</span> <span class='ocrx_word' id='word_1_230' title='bbox 1716 1611 1782 1647; x_wconf 88' lang='lat' dir='ltr'>vel</span> <span class='ocrx_word' id='word_1_231' title='bbox 1801 1610 1994 1647; x_wconf 86' lang='lat' dir='ltr'>uniuntur</span> 
     </span>
     <span class='ocr_line' id='line_1_25' title="bbox 324 1670 1991 1716; baseline -0.001 -9"><span class='ocrx_word' id='word_1_232' title='bbox 324 1671 545 1708; x_wconf 79' lang='lat' dir='ltr'>influendo.</span> <span class='ocrx_word' id='word_1_233' title='bbox 583 1670 701 1707; x_wconf 88' lang='lat' dir='ltr'>Unde</span> <span class='ocrx_word' id='word_1_234' title='bbox 720 1670 825 1707; x_wconf 89' lang='lat' dir='ltr'>sicut</span> <span class='ocrx_word' id='word_1_235' title='bbox 844 1680 949 1707; x_wconf 88' lang='lat' dir='ltr'>unus</span> <span class='ocrx_word' id='word_1_236' title='bbox 969 1672 1105 1716; x_wconf 90' lang='lat' dir='ltr'>potest</span> <span class='ocrx_word' id='word_1_237' title='bbox 1130 1680 1225 1707; x_wconf 87' lang='lat' dir='ltr'>esse</span> <span class='ocrx_word' id='word_1_238' title='bbox 1252 1671 1367 1707; x_wconf 84' lang='lat' dir='ltr'>locus</span> <span class='ocrx_word' id='word_1_239' title='bbox 1393 1671 1568 1716; x_wconf 91' lang='lat' dir='ltr'>plurium</span> <span class='ocrx_word' id='word_1_240' title='bbox 1593 1671 1802 1712; x_wconf 85' lang='lat' dir='ltr'>linearum,</span> <span class='ocrx_word' id='word_1_241' title='bbox 1829 1670 1991 1715; x_wconf 87' lang='lat' dir='ltr'>quando</span> 
     </span>
     <span class='ocr_line' id='line_1_26' title="bbox 325 1729 2044 1776; baseline -0.002 -9"><span class='ocrx_word' id='word_1_242' title='bbox 325 1730 626 1776; x_wconf 84' lang='lat' dir='ltr'>coniunguntur</span> <span class='ocrx_word' id='word_1_243' title='bbox 652 1729 877 1766; x_wconf 88' lang='lat' dir='ltr'>secundum</span> <span class='ocrx_word' id='word_1_244' title='bbox 905 1730 1012 1774; x_wconf 90' lang='lat' dir='ltr'>quod</span> <span class='ocrx_word' id='word_1_245' title='bbox 1038 1730 1192 1766; x_wconf 84' lang='lat' dir='ltr'>habent</span> <span class='ocrx_word' id='word_1_246' title='bbox 1225 1730 1518 1772; x_wconf 88' lang='lat' dir='ltr'>reductionem,</span> <span class='ocrx_word' id='word_1_247' title='bbox 1557 1729 1742 1766; x_wconf 85' lang='lat' dir='ltr'>similiter</span> <span class='ocrx_word' id='word_1_248' title='bbox 1779 1729 1844 1765; x_wconf 91' lang='lat' dir='ltr'>hic</span> <span class='ocrx_word' id='word_1_249' title='bbox 1877 1729 1992 1765; x_wconf 89' lang='lat' dir='ltr'>locus</span> <span class='ocrx_word' id='word_1_250' title='bbox 2011 1738 2044 1764; x_wconf 78' lang='lat'>2⁶</span> 
     </span>
     <span class='ocr_line' id='line_1_27' title="bbox 327 1788 1994 1835; baseline -0.001 -10"><span class='ocrx_word' id='word_1_251' title='bbox 327 1791 400 1831; x_wconf 91' lang='lat' dir='ltr'>est,</span> <span class='ocrx_word' id='word_1_252' title='bbox 427 1789 469 1825; x_wconf 92' lang='lat' dir='ltr'>in</span> <span class='ocrx_word' id='word_1_253' title='bbox 495 1789 641 1834; x_wconf 91' lang='lat' dir='ltr'>quibus</span> <span class='ocrx_word' id='word_1_254' title='bbox 667 1789 777 1825; x_wconf 88' lang='lat' dir='ltr'>linea</span> <span class='ocrx_word' id='word_1_255' title='bbox 803 1788 907 1825; x_wconf 89' lang='lat' dir='ltr'>sicut</span> <span class='ocrx_word' id='word_1_256' title='bbox 932 1789 973 1824; x_wconf 92' lang='lat' dir='ltr'>in</span> <span class='ocrx_word' id='word_1_257' title='bbox 1000 1789 1186 1826; x_wconf 89' lang='lat' dir='ltr'>subiecto</span> <span class='ocrx_word' id='word_1_258' title='bbox 1195 1797 1203 1832; x_wconf 86' lang='lat'>;</span> <span class='ocrx_word' id='word_1_259' title='bbox 1242 1789 1298 1826; x_wconf 90' lang='lat' dir='ltr'>ita</span> <span class='ocrx_word' id='word_1_260' title='bbox 1324 1789 1509 1834; x_wconf 88' lang='lat' dir='ltr'>quamvis</span> <span class='ocrx_word' id='word_1_261' title='bbox 1547 1790 1707 1835; x_wconf 90' lang='lat' dir='ltr'>tempus</span> <span class='ocrx_word' id='word_1_262' title='bbox 1741 1788 1994 1825; x_wconf 78' lang='lat' dir='ltr'>sufficienter</span> 
     </span>
     <span class='ocr_line' id='line_1_28' title="bbox 322 1848 1993 1894; baseline -0.001 -10"><span class='ocrx_word' id='word_1_263' title='bbox 322 1848 561 1885; x_wconf 88' lang='lat' dir='ltr'>terminetur</span> <span class='ocrx_word' id='word_1_264' title='bbox 594 1858 619 1884; x_wconf 92' lang='lat' dir='ltr'>a</span> <span class='ocrx_word' id='word_1_265' title='bbox 645 1848 826 1893; x_wconf 85' lang='lat' dir='ltr'>quolibet</span> <span class='ocrx_word' id='word_1_266' title='bbox 845 1849 967 1889; x_wconf 92' lang='lat' dir='ltr'>motu,</span> <span class='ocrx_word' id='word_1_267' title='bbox 995 1848 1089 1893; x_wconf 90' lang='lat' dir='ltr'>quia</span> <span class='ocrx_word' id='word_1_268' title='bbox 1115 1850 1253 1888; x_wconf 82' lang='lat' dir='ltr'>tamen</span> <span class='ocrx_word' id='word_1_269' title='bbox 1284 1849 1591 1894; x_wconf 89' lang='lat' dir='ltr'>consequuntur</span> <span class='ocrx_word' id='word_1_270' title='bbox 1620 1848 1769 1894; x_wconf 88' lang='lat' dir='ltr'>plures,</span> <span class='ocrx_word' id='word_1_271' title='bbox 1798 1848 1839 1884; x_wconf 92' lang='lat' dir='ltr'>in</span> <span class='ocrx_word' id='word_1_272' title='bbox 1869 1857 1993 1892; x_wconf 88' lang='lat' dir='ltr'>quan-</span> 
     </span>
     <span class='ocr_line' id='line_1_29' title="bbox 323 1906 1992 1953; baseline -0.001 -10"><span class='ocrx_word' id='word_1_273' title='bbox 323 1909 407 1943; x_wconf 87' lang='lat' dir='ltr'>tum</span> <span class='ocrx_word' id='word_1_274' title='bbox 428 1907 729 1953; x_wconf 83' lang='lat' dir='ltr'>coniunguntur</span> <span class='ocrx_word' id='word_1_275' title='bbox 749 1907 866 1943; x_wconf 92' lang='lat' dir='ltr'>simul</span> <span class='ocrx_word' id='word_1_276' title='bbox 886 1906 1087 1949; x_wconf 81' lang='lat' dir='ltr'>faciendo,</span> <span class='ocrx_word' id='word_1_277' title='bbox 1102 1907 1195 1944; x_wconf 92' lang='lat' dir='ltr'>ideo</span> <span class='ocrx_word' id='word_1_278' title='bbox 1215 1909 1376 1953; x_wconf 91' lang='lat' dir='ltr'>tempus</span> <span class='ocrx_word' id='word_1_279' title='bbox 1398 1909 1461 1944; x_wconf 90' lang='lat' dir='ltr'>est</span> <span class='ocrx_word' id='word_1_280' title='bbox 1480 1918 1616 1949; x_wconf 86' lang='lat' dir='ltr'>unum,</span> <span class='ocrx_word' id='word_1_281' title='bbox 1637 1908 1678 1944; x_wconf 87' lang='lat' dir='ltr'>et</span> <span class='ocrx_word' id='word_1_282' title='bbox 1696 1916 1839 1943; x_wconf 90' lang='lat' dir='ltr'>omnes</span> <span class='ocrx_word' id='word_1_283' title='bbox 1859 1908 1992 1943; x_wconf 88' lang='lat' dir='ltr'>motus</span> 
     </span>
     <span class='ocr_line' id='line_1_30' title="bbox 325 1966 1993 2013; baseline 0 -11"><span class='ocrx_word' id='word_1_284' title='bbox 325 1967 443 2003; x_wconf 87' lang='lat' dir='ltr'>simul</span> <span class='ocrx_word' id='word_1_285' title='bbox 470 1966 698 2002; x_wconf 84' lang='lat' dir='ltr'>existentes</span> <span class='ocrx_word' id='word_1_286' title='bbox 732 1967 825 2002; x_wconf 86' lang='lat' dir='ltr'>sunt</span> <span class='ocrx_word' id='word_1_287' title='bbox 859 1976 983 2002; x_wconf 90' lang='lat' dir='ltr'>unum</span> <span class='ocrx_word' id='word_1_288' title='bbox 1021 1967 1249 2004; x_wconf 88' lang='lat' dir='ltr'>subiectum</span> <span class='ocrx_word' id='word_1_289' title='bbox 1282 1967 1491 2013; x_wconf 89' lang='lat' dir='ltr'>temporis,</span> <span class='ocrx_word' id='word_1_290' title='bbox 1529 1976 1612 2003; x_wconf 90' lang='lat' dir='ltr'>non</span> <span class='ocrx_word' id='word_1_291' title='bbox 1651 1966 1746 2012; x_wconf 85' lang='lat' dir='ltr'>quia</span> <span class='ocrx_word' id='word_1_292' title='bbox 1783 1966 1833 2002; x_wconf 90' lang='lat' dir='ltr'>sit</span> <span class='ocrx_word' id='word_1_293' title='bbox 1870 1975 1993 2005; x_wconf 89' lang='lat' dir='ltr'>unum</span> 
     </span>
     <span class='ocr_line' id='line_1_31' title="bbox 325 2025 2046 2071; baseline 0.002 -9"><span class='ocrx_word' id='word_1_294' title='bbox 325 2025 551 2062; x_wconf 85' lang='lat' dir='ltr'>subiectum</span> <span class='ocrx_word' id='word_1_295' title='bbox 576 2034 650 2071; x_wconf 91' lang='lat' dir='ltr'>per</span> <span class='ocrx_word' id='word_1_296' title='bbox 676 2025 896 2062; x_wconf 85' lang='lat' dir='ltr'>essentiam</span> <span class='ocrx_word' id='word_1_297' title='bbox 923 2025 998 2062; x_wconf 90' lang='lat' dir='ltr'>sed</span> <span class='ocrx_word' id='word_1_298' title='bbox 1022 2035 1097 2071; x_wconf 88' lang='lat' dir='ltr'>per</span> <span class='ocrx_word' id='word_1_299' title='bbox 1122 2026 1424 2063; x_wconf 87' lang='lat' dir='ltr'>confluentiam.</span> <span class='ocrx_word' id='word_1_300' title='bbox 2011 2040 2046 2066; x_wconf 81' lang='lat'>30</span> 
     </span>
    </p>

    <p class='ocr_par' dir='ltr' id='par_1_8' title="bbox 325 2084 1992 2307">
     <span class='ocr_line' id='line_1_32' title="bbox 465 2084 1991 2131; baseline -0.001 -10"><span class='ocrx_word' id='word_1_301' title='bbox 465 2085 518 2121; x_wconf 86' lang='lat'>29.</span> <span class='ocrx_word' id='word_1_302' title='bbox 557 2084 619 2121; x_wconf 92' lang='lat' dir='ltr'>Ad</span> <span class='ocrx_word' id='word_1_303' title='bbox 655 2084 1014 2121; x_wconf 89' lang='lat' dir='ltr'>undetricesimum</span> <span class='ocrx_word' id='word_1_304' title='bbox 1052 2085 1269 2122; x_wconf 89' lang='lat' dir='ltr'>dicendum</span> <span class='ocrx_word' id='word_1_305' title='bbox 1313 2086 1421 2131; x_wconf 91' lang='lat' dir='ltr'>quod</span> <span class='ocrx_word' id='word_1_306' title='bbox 1459 2095 1542 2122; x_wconf 90' lang='lat' dir='ltr'>non</span> <span class='ocrx_word' id='word_1_307' title='bbox 1580 2086 1644 2122; x_wconf 89' lang='lat' dir='ltr'>est</span> <span class='ocrx_word' id='word_1_308' title='bbox 1685 2084 1857 2121; x_wconf 89' lang='lat' dir='ltr'>intentio</span> <span class='ocrx_word' id='word_1_309' title='bbox 1897 2084 1991 2121; x_wconf 90' lang='lat' dir='ltr'>Au-</span> 
     </span>
     <span class='ocr_line' id='line_1_33' title="bbox 325 2143 1991 2191; baseline 0 -11"><span class='ocrx_word' id='word_1_310' title='bbox 325 2144 526 2190; x_wconf 86' lang='lat' dir='ltr'>gustini,</span> <span class='ocrx_word' id='word_1_311' title='bbox 560 2144 668 2189; x_wconf 93' lang='lat' dir='ltr'>quod</span> <span class='ocrx_word' id='word_1_312' title='bbox 693 2143 994 2188; x_wconf 83' lang='lat' dir='ltr'>phantasticum</span> <span class='ocrx_word' id='word_1_313' title='bbox 1020 2144 1195 2181; x_wconf 88' lang='lat' dir='ltr'>hominis</span> <span class='ocrx_word' id='word_1_314' title='bbox 1223 2145 1498 2182; x_wconf 88' lang='lat' dir='ltr'>essentialiter</span> <span class='ocrx_word' id='word_1_315' title='bbox 1523 2145 1784 2191; x_wconf 85' lang='lat' dir='ltr'>ingrediatur,</span> <span class='ocrx_word' id='word_1_316' title='bbox 1822 2144 1897 2180; x_wconf 89' lang='lat' dir='ltr'>sed</span> <span class='ocrx_word' id='word_1_317' title='bbox 1923 2153 1991 2189; x_wconf 85' lang='lat' dir='ltr'>ap-</span> 
     </span>
     <span class='ocr_line' id='line_1_34' title="bbox 325 2202 1992 2249; baseline 0 -10"><span class='ocrx_word' id='word_1_318' title='bbox 325 2204 516 2248; x_wconf 89' lang='lat' dir='ltr'>parenter</span> <span class='ocrx_word' id='word_1_319' title='bbox 535 2203 700 2244; x_wconf 86' lang='lat' dir='ltr'>tantum,</span> <span class='ocrx_word' id='word_1_320' title='bbox 727 2203 770 2238; x_wconf 90' lang='lat' dir='ltr'>ut</span> <span class='ocrx_word' id='word_1_321' title='bbox 789 2202 976 2239; x_wconf 86' lang='lat' dir='ltr'>videatur</span> <span class='ocrx_word' id='word_1_322' title='bbox 995 2203 1116 2240; x_wconf 89' lang='lat' dir='ltr'>homo</span> <span class='ocrx_word' id='word_1_323' title='bbox 1137 2204 1228 2240; x_wconf 88' lang='lat' dir='ltr'>talis</span> <span class='ocrx_word' id='word_1_324' title='bbox 1249 2204 1345 2240; x_wconf 88' lang='lat' dir='ltr'>alibi</span> <span class='ocrx_word' id='word_1_325' title='bbox 1365 2205 1406 2241; x_wconf 90' lang='lat' dir='ltr'>et</span> <span class='ocrx_word' id='word_1_326' title='bbox 1424 2204 1520 2240; x_wconf 84' lang='lat' dir='ltr'>alibi</span> <span class='ocrx_word' id='word_1_327' title='bbox 1539 2206 1694 2247; x_wconf 89' lang='lat' dir='ltr'>&lt;esse.&gt;</span> <span class='ocrx_word' id='word_1_328' title='bbox 1738 2203 1848 2240; x_wconf 87' lang='lat' dir='ltr'>Sicut</span> <span class='ocrx_word' id='word_1_329' title='bbox 1868 2212 1992 2249; x_wconf 87' lang='lat' dir='ltr'>supra</span> 
     </span>
     <span class='ocr_line' id='line_1_35' title="bbox 325 2262 1202 2307; baseline 0.001 -9"><span class='ocrx_word' id='word_1_330' title='bbox 325 2262 366 2298; x_wconf 93' lang='lat' dir='ltr'>in</span> <span class='ocrx_word' id='word_1_331' title='bbox 393 2262 635 2307; x_wconf 88' lang='lat' dir='ltr'>quaestione</span> <span class='ocrx_word' id='word_1_332' title='bbox 662 2262 713 2298; x_wconf 86' lang='lat' dir='ltr'>de</span> <span class='ocrx_word' id='word_1_333' title='bbox 739 2262 818 2298; x_wconf 87' lang='lat' dir='ltr'>hoc</span> <span class='ocrx_word' id='word_1_334' title='bbox 844 2262 1077 2307; x_wconf 89' lang='lat' dir='ltr'>expositum</span> <span class='ocrx_word' id='word_1_335' title='bbox 1104 2264 1167 2300; x_wconf 88' lang='lat' dir='ltr'>est</span> <span class='ocrx_word' id='word_1_336' title='bbox 1178 2266 1202 2299; x_wconf 80' lang='grc'>3.</span> 
     </span>
    </p>

    <p class='ocr_par' dir='ltr' id='par_1_9' title="bbox 326 2320 2046 2426">
     <span class='ocr_line' id='line_1_36' title="bbox 464 2320 2046 2368; baseline 0.001 -10"><span class='ocrx_word' id='word_1_337' title='bbox 464 2322 519 2358; x_wconf 87' lang='grc'>30.</span> <span class='ocrx_word' id='word_1_338' title='bbox 546 2321 607 2357; x_wconf 93' lang='lat' dir='ltr'>Ad</span> <span class='ocrx_word' id='word_1_339' title='bbox 634 2320 884 2357; x_wconf 81' lang='lat' dir='ltr'>tricesimum</span> <span class='ocrx_word' id='word_1_340' title='bbox 921 2321 1140 2358; x_wconf 90' lang='lat' dir='ltr'>dicendum</span> <span class='ocrx_word' id='word_1_341' title='bbox 1177 2323 1286 2367; x_wconf 89' lang='lat' dir='ltr'>quod</span> <span class='ocrx_word' id='word_1_342' title='bbox 1323 2332 1542 2368; x_wconf 89' lang='lat' dir='ltr'>numquam</span> <span class='ocrx_word' id='word_1_343' title='bbox 1579 2322 1654 2359; x_wconf 75' lang='lat' dir='ltr'>tuit</span> <span class='ocrx_word' id='word_1_344' title='bbox 1689 2322 1860 2358; x_wconf 89' lang='lat' dir='ltr'>intentio</span> <span class='ocrx_word' id='word_1_345' title='bbox 1892 2321 2046 2360; x_wconf 85' lang='lat' dir='ltr'>Phi-35</span> 
     </span>
     <span class='ocr_line' id='line_1_37' title="bbox 326 2379 1994 2426; baseline 0 -10"><span class='ocrx_word' id='word_1_346' title='bbox 326 2380 531 2425; x_wconf 90' lang='lat' dir='ltr'>losophi.</span> <span class='ocrx_word' id='word_1_347' title='bbox 583 2380 664 2417; x_wconf 93' lang='lat' dir='ltr'>Sed</span> <span class='ocrx_word' id='word_1_348' title='bbox 706 2379 888 2422; x_wconf 77' lang='lat' dir='ltr'>forsitan,</span> <span class='ocrx_word' id='word_1_349' title='bbox 932 2380 968 2416; x_wconf 91' lang='lat' dir='ltr'>si</span> <span class='ocrx_word' id='word_1_350' title='bbox 1010 2381 1148 2426; x_wconf 89' lang='lat' dir='ltr'>posuit</span> <span class='ocrx_word' id='word_1_351' title='bbox 1184 2382 1470 2418; x_wconf 88' lang='lat' dir='ltr'>aeternitatem</span> <span class='ocrx_word' id='word_1_352' title='bbox 1508 2381 1658 2423; x_wconf 87' lang='lat' dir='ltr'>mundi,</span> <span class='ocrx_word' id='word_1_353' title='bbox 1703 2381 1878 2418; x_wconf 86' lang='lat' dir='ltr'>diceret:</span> <span class='ocrx_word' id='word_1_354' title='bbox 1917 2381 1994 2417; x_wconf 88' lang='lat' dir='ltr'>etsi</span> 
     </span>
    </p>
   </div>
   <div class='ocr_carea' id='block_1_3' title="bbox 326 2471 1996 2994">
    <p class='ocr_par' dir='ltr' id='par_1_10' title="bbox 326 2471 1996 2994">
     <span class='ocr_line' id='line_1_38' title="bbox 466 2471 1994 2515; baseline 0.001 -10"><span class='ocrx_word' id='word_1_355' title='bbox 466 2474 485 2505; x_wconf 86' lang='lat'>2</span> <span class='ocrx_word' id='word_1_356' title='bbox 512 2472 633 2512; x_wconf 87' lang='lat' dir='ltr'>animi]</span> <span class='ocrx_word' id='word_1_357' title='bbox 661 2473 690 2504; x_wconf 87' lang='lat' dir='ltr'><em>A</em></span> <span class='ocrx_word' id='word_1_358' title='bbox 715 2472 785 2506; x_wconf 87' lang='lat' dir='ltr'>nisi</span> <span class='ocrx_word' id='word_1_359' title='bbox 858 2471 955 2513; x_wconf 85' lang='lat' dir='ltr'>quia]</span> <span class='ocrx_word' id='word_1_360' title='bbox 979 2472 1009 2505; x_wconf 90' lang='lat' dir='ltr'><strong><em>A</em></strong></span> <span class='ocrx_word' id='word_1_361' title='bbox 1037 2474 1134 2514; x_wconf 90' lang='lat' dir='ltr'>quod</span> <span class='ocrx_word' id='word_1_362' title='bbox 1207 2475 1224 2506; x_wconf 87' lang='grc'>4</span> <span class='ocrx_word' id='word_1_363' title='bbox 1253 2473 1431 2515; x_wconf 88' lang='lat' dir='ltr'>quartum]</span> <span class='ocrx_word' id='word_1_364' title='bbox 1452 2473 1484 2506; x_wconf 93' lang='lat' dir='ltr'><em>B</em></span> <span class='ocrx_word' id='word_1_365' title='bbox 1504 2483 1575 2506; x_wconf 86' lang='lat' dir='ltr'>om.</span> <span class='ocrx_word' id='word_1_366' title='bbox 1650 2475 1669 2506; x_wconf 85' lang='lat'>5</span> <span class='ocrx_word' id='word_1_367' title='bbox 1695 2473 1839 2514; x_wconf 87' lang='lat' dir='ltr'>corpori</span> <span class='ocrx_word' id='word_1_368' title='bbox 1864 2472 1994 2512; x_wconf 88' lang='lat' dir='ltr'>unitur]</span> 
     </span>
     <span class='ocr_line' id='line_1_39' title="bbox 327 2524 1995 2567; baseline -0.001 -8"><span class='ocrx_word' id='word_1_369' title='bbox 327 2526 359 2559; x_wconf 99' lang='grc' dir='ltr'><em>Β</em></span> <span class='ocrx_word' id='word_1_370' title='bbox 384 2526 622 2567; x_wconf 89' lang='lat' dir='ltr'>corrumpitur</span> <span class='ocrx_word' id='word_1_371' title='bbox 711 2525 731 2558; x_wconf 88' lang='lat'>8</span> <span class='ocrx_word' id='word_1_372' title='bbox 757 2524 901 2565; x_wconf 88' lang='lat' dir='ltr'>unione]</span> <span class='ocrx_word' id='word_1_373' title='bbox 933 2524 965 2557; x_wconf 92' lang='lat' dir='ltr'><em>B</em></span> <span class='ocrx_word' id='word_1_374' title='bbox 990 2526 1127 2560; x_wconf 90' lang='lat' dir='ltr'>unitate</span> <span class='ocrx_word' id='word_1_375' title='bbox 1218 2527 1324 2567; x_wconf 90' lang='lat' dir='ltr'>enim]</span> <span class='ocrx_word' id='word_1_376' title='bbox 1355 2528 1386 2560; x_wconf 94' lang='lat' dir='ltr'><em>B</em></span> <span class='ocrx_word' id='word_1_377' title='bbox 1411 2527 1448 2560; x_wconf 91' lang='lat' dir='ltr'>in</span> <span class='ocrx_word' id='word_1_378' title='bbox 1538 2527 1558 2560; x_wconf 90' lang='grc'>9</span> <span class='ocrx_word' id='word_1_379' title='bbox 1584 2526 1642 2559; x_wconf 91' lang='lat' dir='ltr'>Sic</span> <span class='ocrx_word' id='word_1_380' title='bbox 1668 2526 1716 2566; x_wconf 91' lang='lat' dir='ltr'>et]</span> <span class='ocrx_word' id='word_1_381' title='bbox 1741 2526 1773 2558; x_wconf 87' lang='lat' dir='ltr'><strong><em>A</em></strong></span> <span class='ocrx_word' id='word_1_382' title='bbox 1794 2528 1824 2559; x_wconf 69' lang='grc' dir='ltr'>ὥ</span> <span class='ocrx_word' id='word_1_383' title='bbox 1843 2526 1875 2558; x_wconf 90' lang='grc' dir='ltr'><em>Β</em></span> <span class='ocrx_word' id='word_1_384' title='bbox 1899 2527 1995 2559; x_wconf 86' lang='lat' dir='ltr'>tacet</span> 
     </span>
     <span class='ocr_line' id='line_1_40' title="bbox 326 2578 1993 2620; baseline -0.001 -7"><span class='ocrx_word' id='word_1_385' title='bbox 326 2589 413 2613; x_wconf 89' lang='lat' dir='ltr'>vere</span> <span class='ocrx_word' id='word_1_386' title='bbox 445 2579 512 2619; x_wconf 87' lang='lat' dir='ltr'>est]</span> <span class='ocrx_word' id='word_1_387' title='bbox 546 2579 575 2612; x_wconf 88' lang='lat' dir='ltr'><strong><em>A</em></strong></span> <span class='ocrx_word' id='word_1_388' title='bbox 603 2588 675 2611; x_wconf 84' lang='lat' dir='ltr'>om.</span> <span class='ocrx_word' id='word_1_389' title='bbox 701 2587 788 2611; x_wconf 89' lang='lat' dir='ltr'>vere</span> <span class='ocrx_word' id='word_1_390' title='bbox 884 2578 926 2611; x_wconf 85' lang='lat'>10</span> <span class='ocrx_word' id='word_1_391' title='bbox 952 2579 1133 2619; x_wconf 88' lang='lat' dir='ltr'>uniuntur]</span> <span class='ocrx_word' id='word_1_392' title='bbox 1168 2580 1200 2612; x_wconf 90' lang='lat' dir='ltr'><em>B</em></span> <span class='ocrx_word' id='word_1_393' title='bbox 1225 2582 1413 2613; x_wconf 86' lang='lat' dir='ltr'>sumuntur</span> <span class='ocrx_word' id='word_1_394' title='bbox 1509 2581 1548 2613; x_wconf 90' lang='lat' dir='ltr'>ll</span> <span class='ocrx_word' id='word_1_395' title='bbox 1578 2579 1646 2619; x_wconf 85' lang='lat' dir='ltr'>est]</span> <span class='ocrx_word' id='word_1_396' title='bbox 1682 2579 1713 2613; x_wconf 88' lang='lat' dir='ltr'><strong><em>A</em></strong></span> <span class='ocrx_word' id='word_1_397' title='bbox 1740 2588 1811 2612; x_wconf 86' lang='lat' dir='ltr'>om.</span> <span class='ocrx_word' id='word_1_398' title='bbox 1887 2578 1993 2620; x_wconf 89' lang='lat' dir='ltr'>quae]</span> 
     </span>
     <span class='ocr_line' id='line_1_41' title="bbox 328 2631 1994 2675; baseline -0.001 -9"><span class='ocrx_word' id='word_1_399' title='bbox 328 2633 359 2665; x_wconf 87' lang='lat' dir='ltr'><strong><em>A</em></strong></span> <span class='ocrx_word' id='word_1_400' title='bbox 381 2633 476 2674; x_wconf 89' lang='lat' dir='ltr'>quod</span> <span class='ocrx_word' id='word_1_401' title='bbox 559 2633 599 2665; x_wconf 87' lang='grc'><strong>12</strong></span> <span class='ocrx_word' id='word_1_402' title='bbox 628 2631 723 2673; x_wconf 79' lang='lat' dir='ltr'>quja]</span> <span class='ocrx_word' id='word_1_403' title='bbox 749 2632 781 2664; x_wconf 98' lang='grc' dir='ltr'><em>Β</em></span> <span class='ocrx_word' id='word_1_404' title='bbox 801 2640 872 2664; x_wconf 86' lang='lat' dir='ltr'>om.</span> <span class='ocrx_word' id='word_1_405' title='bbox 934 2632 1101 2675; x_wconf 88' lang='lat' dir='ltr'>amplius]</span> <span class='ocrx_word' id='word_1_406' title='bbox 1127 2633 1158 2666; x_wconf 89' lang='lat' dir='ltr'><em>B</em></span> <span class='ocrx_word' id='word_1_407' title='bbox 1183 2634 1314 2674; x_wconf 87' lang='lat' dir='ltr'>accipit</span> <span class='ocrx_word' id='word_1_408' title='bbox 1400 2634 1441 2666; x_wconf 90' lang='grc'>14</span> <span class='ocrx_word' id='word_1_409' title='bbox 1470 2633 1515 2666; x_wconf 91' lang='lat' dir='ltr'>ad</span> <span class='ocrx_word' id='word_1_410' title='bbox 1541 2632 1646 2672; x_wconf 92' lang='lat' dir='ltr'>XXV]</span> <span class='ocrx_word' id='word_1_411' title='bbox 1671 2633 1701 2665; x_wconf 89' lang='lat' dir='ltr'><strong><em>A</em></strong></span> <span class='ocrx_word' id='word_1_412' title='bbox 1730 2641 1799 2665; x_wconf 87' lang='lat' dir='ltr'>om.</span> <span class='ocrx_word' id='word_1_413' title='bbox 1862 2632 1994 2673; x_wconf 89' lang='lat' dir='ltr'>potest]</span> 
     </span>
     <span class='ocr_line' id='line_1_42' title="bbox 329 2684 1995 2727; baseline -0.001 -8"><span class='ocrx_word' id='word_1_414' title='bbox 329 2687 359 2719; x_wconf 85' lang='lat' dir='ltr'><strong><em>A</em></strong></span> <span class='ocrx_word' id='word_1_415' title='bbox 386 2688 487 2727; x_wconf 80' lang='lat' dir='ltr'>patet</span> <span class='ocrx_word' id='word_1_416' title='bbox 560 2687 600 2718; x_wconf 88' lang='lat'>15</span> <span class='ocrx_word' id='word_1_417' title='bbox 626 2685 759 2726; x_wconf 90' lang='lat' dir='ltr'>ubique</span> <span class='ocrx_word' id='word_1_418' title='bbox 785 2685 877 2717; x_wconf 85' lang='lat' dir='ltr'>sicut</span> <span class='ocrx_word' id='word_1_419' title='bbox 901 2684 998 2718; x_wconf 88' lang='lat' dir='ltr'>Deus</span> <span class='ocrx_word' id='word_1_420' title='bbox 1024 2686 1060 2718; x_wconf 92' lang='lat' dir='ltr'>in</span> <span class='ocrx_word' id='word_1_421' title='bbox 1085 2687 1213 2719; x_wconf 87' lang='lat' dir='ltr'>maiori</span> <span class='ocrx_word' id='word_1_422' title='bbox 1237 2686 1382 2726; x_wconf 91' lang='lat' dir='ltr'>mundo]</span> <span class='ocrx_word' id='word_1_423' title='bbox 1408 2686 1441 2718; x_wconf 92' lang='lat' dir='ltr'><em>B</em></span> <span class='ocrx_word' id='word_1_424' title='bbox 1466 2696 1550 2726; x_wconf 64' lang='lat' dir='ltr'>om„</span> <span class='ocrx_word' id='word_1_425' title='bbox 1575 2686 1606 2719; x_wconf 86' lang='lat' dir='ltr'><strong><em>A</em></strong></span> <span class='ocrx_word' id='word_1_426' title='bbox 1631 2686 1765 2727; x_wconf 87' lang='lat' dir='ltr'>ubique</span> <span class='ocrx_word' id='word_1_427' title='bbox 1794 2684 1831 2724; x_wconf 79' lang='grc' dir='ltr'>-Ι-</span> <span class='ocrx_word' id='word_1_428' title='bbox 1862 2695 1995 2727; x_wconf 88' lang='lat' dir='ltr'>corpus</span> 
     </span>
     <span class='ocr_line' id='line_1_43' title="bbox 330 2735 1995 2780; baseline -0.001 -8"><span class='ocrx_word' id='word_1_429' title='bbox 330 2741 371 2772; x_wconf 88' lang='lat'>16</span> <span class='ocrx_word' id='word_1_430' title='bbox 398 2738 553 2778; x_wconf 88' lang='lat' dir='ltr'>divinae]</span> <span class='ocrx_word' id='word_1_431' title='bbox 575 2739 606 2770; x_wconf 87' lang='lat' dir='ltr'><strong><em>A</em></strong></span> <span class='ocrx_word' id='word_1_432' title='bbox 627 2747 697 2771; x_wconf 85' lang='lat' dir='ltr'>om.</span> <span class='ocrx_word' id='word_1_433' title='bbox 760 2737 968 2778; x_wconf 89' lang='lat' dir='ltr'>disparatis]</span> <span class='ocrx_word' id='word_1_434' title='bbox 987 2738 1019 2769; x_wconf 89' lang='lat' dir='ltr'><strong><em>A</em></strong></span> <span class='ocrx_word' id='word_1_435' title='bbox 1039 2739 1243 2780; x_wconf 83' lang='lat' dir='ltr'>desperatis</span> <span class='ocrx_word' id='word_1_436' title='bbox 1329 2740 1371 2773; x_wconf 84' lang='lat'>22</span> <span class='ocrx_word' id='word_1_437' title='bbox 1398 2735 1550 2778; x_wconf 86' lang='lat' dir='ltr'>XXVIII]</span> <span class='ocrx_word' id='word_1_438' title='bbox 1571 2739 1603 2771; x_wconf 91' lang='lat' dir='ltr'><em>B</em></span> <span class='ocrx_word' id='word_1_439' title='bbox 1621 2739 1745 2772; x_wconf 93' lang='lat' dir='ltr'>XXVII</span> <span class='ocrx_word' id='word_1_440' title='bbox 1795 2738 1995 2778; x_wconf 85' lang='lat' dir='ltr'>dicendum]</span> 
     </span>
     <span class='ocr_line' id='line_1_44' title="bbox 332 2790 1995 2831; baseline 0 -7"><span class='ocrx_word' id='word_1_441' title='bbox 332 2792 360 2824; x_wconf 90' lang='grc' dir='ltr'><em>Β</em></span> <span class='ocrx_word' id='word_1_442' title='bbox 385 2800 453 2825; x_wconf 90' lang='lat' dir='ltr'>om.</span> <span class='ocrx_word' id='word_1_443' title='bbox 550 2792 591 2824; x_wconf 89' lang='grc'>24</span> <span class='ocrx_word' id='word_1_444' title='bbox 618 2790 806 2829; x_wconf 85' lang='lat' dir='ltr'>linearum]</span> <span class='ocrx_word' id='word_1_445' title='bbox 835 2792 863 2821; x_wconf 87' lang='lat' dir='ltr'><strong><em>A</em></strong></span> <span class='ocrx_word' id='word_1_446' title='bbox 890 2791 1028 2824; x_wconf 90' lang='lat' dir='ltr'>scilicet</span> <span class='ocrx_word' id='word_1_447' title='bbox 1123 2793 1260 2826; x_wconf 80' lang='lat'>25—-26</span> <span class='ocrx_word' id='word_1_448' title='bbox 1295 2794 1352 2826; x_wconf 88' lang='lat' dir='ltr'>hic</span> <span class='ocrx_word' id='word_1_449' title='bbox 1386 2794 1487 2826; x_wconf 88' lang='lat' dir='ltr'>locus</span> <span class='ocrx_word' id='word_1_450' title='bbox 1522 2794 1578 2825; x_wconf 88' lang='lat' dir='ltr'>est</span> <span class='ocrx_word' id='word_1_451' title='bbox 1611 2791 1659 2831; x_wconf 86' lang='lat' dir='ltr'>in]</span> <span class='ocrx_word' id='word_1_452' title='bbox 1695 2793 1725 2825; x_wconf 96' lang='grc' dir='ltr'><em>Β</em></span> <span class='ocrx_word' id='word_1_453' title='bbox 1750 2792 1809 2825; x_wconf 91' lang='lat' dir='ltr'>ille</span> <span class='ocrx_word' id='word_1_454' title='bbox 1834 2792 1934 2825; x_wconf 87' lang='lat' dir='ltr'>locus</span> <span class='ocrx_word' id='word_1_455' title='bbox 1959 2792 1995 2824; x_wconf 91' lang='lat' dir='ltr'>in</span> 
     </span>
     <span class='ocr_line' id='line_1_45' title="bbox 329 2843 1996 2884; baseline -0.001 -5"><span class='ocrx_word' id='word_1_456' title='bbox 329 2847 371 2879; x_wconf 88' lang='lat'>27</span> <span class='ocrx_word' id='word_1_457' title='bbox 406 2844 638 2884; x_wconf 79' lang='lat' dir='ltr'>terminetur}</span> <span class='ocrx_word' id='word_1_458' title='bbox 661 2844 691 2877; x_wconf 91' lang='lat' dir='ltr'><strong><em>A</em></strong></span> <span class='ocrx_word' id='word_1_459' title='bbox 719 2853 789 2876; x_wconf 88' lang='lat' dir='ltr'>om.</span> <span class='ocrx_word' id='word_1_460' title='bbox 850 2843 984 2883; x_wconf 80' lang='lat' dir='ltr'>tamen]</span> <span class='ocrx_word' id='word_1_461' title='bbox 1018 2844 1044 2877; x_wconf 80' lang='lat' dir='ltr'><strong><em>A</em></strong></span> <span class='ocrx_word' id='word_1_462' title='bbox 1074 2855 1145 2879; x_wconf 91' lang='lat' dir='ltr'>non</span> <span class='ocrx_word' id='word_1_463' title='bbox 1242 2847 1285 2879; x_wconf 85' lang='lat'>33</span> <span class='ocrx_word' id='word_1_464' title='bbox 1311 2847 1477 2879; x_wconf 87' lang='lat' dir='ltr'>videatur</span> <span class='ocrx_word' id='word_1_465' title='bbox 1501 2846 1608 2878; x_wconf 90' lang='lat' dir='ltr'>homo</span> <span class='ocrx_word' id='word_1_466' title='bbox 1633 2846 1715 2878; x_wconf 86' lang='lat' dir='ltr'>talis</span> <span class='ocrx_word' id='word_1_467' title='bbox 1741 2845 1825 2878; x_wconf 84' lang='lat' dir='ltr'>alibi</span> <span class='ocrx_word' id='word_1_468' title='bbox 1851 2846 1887 2878; x_wconf 87' lang='lat' dir='ltr'>et</span> <span class='ocrx_word' id='word_1_469' title='bbox 1912 2845 1996 2878; x_wconf 88' lang='lat' dir='ltr'>alibi</span> 
     </span>
     <span class='ocr_line' id='line_1_46' title="bbox 329 2897 1995 2939; baseline -0.001 -7"><span class='ocrx_word' id='word_1_470' title='bbox 329 2899 424 2938; x_wconf 87' lang='lat' dir='ltr'>esse]</span> <span class='ocrx_word' id='word_1_471' title='bbox 459 2899 490 2931; x_wconf 88' lang='lat' dir='ltr'><strong><em>A</em></strong></span> <span class='ocrx_word' id='word_1_472' title='bbox 512 2900 540 2932; x_wconf 68' lang='grc' dir='ltr'><em>ὢ</em></span> <span class='ocrx_word' id='word_1_473' title='bbox 560 2897 592 2930; x_wconf 89' lang='grc' dir='ltr'><em>Β</em></span> <span class='ocrx_word' id='word_1_474' title='bbox 616 2898 714 2930; x_wconf 90' lang='lat' dir='ltr'>videt</span> <span class='ocrx_word' id='word_1_475' title='bbox 748 2897 853 2929; x_wconf 92' lang='lat' dir='ltr'>homo</span> <span class='ocrx_word' id='word_1_476' title='bbox 889 2897 956 2929; x_wconf 87' lang='lat' dir='ltr'>sibi</span> <span class='ocrx_word' id='word_1_477' title='bbox 991 2899 1027 2931; x_wconf 92' lang='lat' dir='ltr'>et</span> <span class='ocrx_word' id='word_1_478' title='bbox 1060 2899 1140 2931; x_wconf 89' lang='lat' dir='ltr'>aliis</span> <span class='ocrx_word' id='word_1_479' title='bbox 1176 2900 1258 2932; x_wconf 86' lang='lat' dir='ltr'>talis</span> <span class='ocrx_word' id='word_1_480' title='bbox 1283 2900 1450 2932; x_wconf 83' lang='lat' dir='ltr'>videatur</span> <span class='ocrx_word' id='word_1_481' title='bbox 1483 2900 1519 2932; x_wconf 90' lang='lat' dir='ltr'>et</span> <span class='ocrx_word' id='word_1_482' title='bbox 1554 2899 1614 2932; x_wconf 86' lang='lat' dir='ltr'>alii</span> <span class='ocrx_word' id='word_1_483' title='bbox 1640 2907 1748 2939; x_wconf 88' lang='lat' dir='ltr'>quam</span> <span class='ocrx_word' id='word_1_484' title='bbox 1773 2898 1820 2930; x_wconf 86' lang='lat' dir='ltr'>sit</span> <span class='ocrx_word' id='word_1_485' title='bbox 1891 2897 1995 2937; x_wconf 90' lang='lat' dir='ltr'>sicut]</span> 
     </span>
     <span class='ocr_line' id='line_1_47' title="bbox 327 2949 1405 2994; baseline 0 -9"><span class='ocrx_word' id='word_1_486' title='bbox 327 2952 357 2985; x_wconf 91' lang='lat' dir='ltr'><strong><em>A</em></strong></span> <span class='ocrx_word' id='word_1_487' title='bbox 384 2961 454 2985; x_wconf 85' lang='lat' dir='ltr'>om.</span> <span class='ocrx_word' id='word_1_488' title='bbox 551 2951 594 2983; x_wconf 89' lang='lat'>35</span> <span class='ocrx_word' id='word_1_489' title='bbox 621 2949 698 2989; x_wconf 77' lang='lat' dir='ltr'>fuit]</span> <span class='ocrx_word' id='word_1_490' title='bbox 724 2949 756 2981; x_wconf 93' lang='lat' dir='ltr'><em>B</em></span> <span class='ocrx_word' id='word_1_491' title='bbox 784 2949 821 2987; x_wconf 70' lang='grc'>-1-</span> <span class='ocrx_word' id='word_1_492' title='bbox 849 2949 921 2982; x_wconf 86' lang='lat' dir='ltr'>ista</span> <span class='ocrx_word' id='word_1_493' title='bbox 1016 2952 1059 2984; x_wconf 80' lang='lat'>36</span> <span class='ocrx_word' id='word_1_494' title='bbox 1086 2952 1219 2993; x_wconf 87' lang='lat' dir='ltr'>posuit]</span> <span class='ocrx_word' id='word_1_495' title='bbox 1245 2952 1278 2984; x_wconf 93' lang='lat' dir='ltr'><em>B</em></span> <span class='ocrx_word' id='word_1_496' title='bbox 1302 2953 1405 2994; x_wconf 91' lang='lat' dir='ltr'>ponit</span> 
     </span>
    </p>
   </div>
   <div class='ocr_carea' id='block_1_4' title="bbox 467 3041 1995 3140">
    <p class='ocr_par' dir='ltr' id='par_1_11' title="bbox 467 3041 1995 3140">
     <span class='ocr_line' id='line_1_48' title="bbox 468 3041 1995 3087; baseline 0.001 -9"><span class='ocrx_word' id='word_1_497' title='bbox 468 3045 480 3068; x_wconf 88' lang='lat'>¹</span> <span class='ocrx_word' id='word_1_498' title='bbox 506 3054 535 3078; x_wconf 94' lang='grc'><strong>0.</strong></span> <span class='ocrx_word' id='word_1_499' title='bbox 560 3046 598 3077; x_wconf 90' lang='grc'>14</span> <span class='ocrx_word' id='word_1_500' title='bbox 625 3043 697 3084; x_wconf 91' lang='lat' dir='ltr'>(PL</span> <span class='ocrx_word' id='word_1_501' title='bbox 716 3044 770 3083; x_wconf 82' lang='lat'>40,</span> <span class='ocrx_word' id='word_1_502' title='bbox 792 3041 884 3082; x_wconf 83' lang='lat'>789).</span> <span class='ocrx_word' id='word_1_503' title='bbox 911 3045 981 3078; x_wconf 78' lang='lat' dir='ltr'>Cir.</span> <span class='ocrx_word' id='word_1_504' title='bbox 1008 3055 1058 3078; x_wconf 92' lang='lat' dir='ltr'>cc.</span> <span class='ocrx_word' id='word_1_505' title='bbox 1088 3047 1140 3086; x_wconf 86' lang='lat'>15,</span> <span class='ocrx_word' id='word_1_506' title='bbox 1168 3047 1210 3079; x_wconf 90' lang='grc'>20</span> <span class='ocrx_word' id='word_1_507' title='bbox 1238 3048 1274 3080; x_wconf 94' lang='lat' dir='ltr'>et</span> <span class='ocrx_word' id='word_1_508' title='bbox 1300 3047 1353 3079; x_wconf 89' lang='lat'>33.</span> <span class='ocrx_word' id='word_1_509' title='bbox 1495 3045 1510 3068; x_wconf 80' lang='lat'>2</span> <span class='ocrx_word' id='word_1_510' title='bbox 1536 3046 1576 3083; x_wconf 86' lang='lat' dir='ltr'>Q.</span> <span class='ocrx_word' id='word_1_511' title='bbox 1602 3046 1653 3085; x_wconf 86' lang='lat'>111,</span> <span class='ocrx_word' id='word_1_512' title='bbox 1681 3054 1764 3087; x_wconf 81' lang='lat' dir='ltr'>pag.</span> <span class='ocrx_word' id='word_1_513' title='bbox 1791 3045 1846 3084; x_wconf 87' lang='grc'>37,</span> <span class='ocrx_word' id='word_1_514' title='bbox 1873 3045 1901 3077; x_wconf 96' lang='lat' dir='ltr'>D</span> <span class='ocrx_word' id='word_1_515' title='bbox 1923 3054 1945 3077; x_wconf 88' lang='lat' dir='ltr'>a</span> <span class='ocrx_word' id='word_1_516' title='bbox 1965 3045 1995 3080; x_wconf 83' lang='lat'>4.</span> 
     </span>
     <span class='ocr_line' id='line_1_49' title="bbox 467 3097 1257 3140; baseline 0.003 -10"><span class='ocrx_word' id='word_1_517' title='bbox 467 3098 482 3120; x_wconf 83' lang='lat'>³</span> <span class='ocrx_word' id='word_1_518' title='bbox 508 3097 748 3131; x_wconf 74' lang='lat' dir='ltr'>Referendum</span> <span class='ocrx_word' id='word_1_519' title='bbox 773 3097 818 3130; x_wconf 81' lang='lat' dir='ltr'>ad</span> <span class='ocrx_word' id='word_1_520' title='bbox 844 3100 940 3133; x_wconf 83' lang='lat' dir='ltr'>aliud</span> <span class='ocrx_word' id='word_1_521' title='bbox 965 3100 1257 3140; x_wconf 85' lang='lat' dir='ltr'>manuscriptum.</span> 
     </span>
    </p>
   </div>
  </div>
 </body>
</html>
