2095 3459
798 184 969 221 Quaestio
997 185 1127 217 xxxii.
1725 184 1792 219 205

124 278 268 316 dicitur
303 279 524 316 essentiale
562 280 612 321 id,
650 281 755 325 quod
784 280 1016 318 immediate
1044 282 1267 318 essentiam
1294 282 1568 328 consequitur,
1596 283 1683 319 sine
1712 293 1791 329 quo

123 346 205 375 non
225 339 363 384 potest
384 348 478 375 esse
500 349 578 376 nec
601 340 769 385 intelligi
778 348 785 382 ;
813 342 854 376 ut
880 341 956 383 illa,
983 341 1023 377 in
1045 341 1189 386 quibus
1216 342 1403 378 consistit
1427 342 1530 378 ratio
1552 342 1724 388 vestigii,
1749 344 1792 379 ut

122 407 256 440 unum,
283 407 435 440 verum,
471 399 633 435 bonum.
694 399 845 439 Quarto
882 401 1002 436 modo
1031 400 1174 436 dicitur
1200 400 1422 437 essentiale
1452 401 1559 442 illud,
1595 401 1684 437 sine
1711 411 1790 447 quo

123 466 189 493 res
225 466 308 493 non
343 457 467 493 habet
502 467 597 494 esse
623 458 860 503 perfectum,
899 460 942 495 ut
968 460 1061 495 sunt
1087 459 1295 504 potentiae
1323 460 1542 501 naturales,
1578 460 1618 496 In
1645 460 1790 506 quibus

70 525 86 549 5
127 515 315 552 consistit
340 517 486 563 imago.

262 577 293 611 2.
321 578 361 612 et
387 577 418 613 3.
467 575 515 612 Et
551 577 609 612 sic
643 577 755 621 patet
789 578 840 613 ad
877 578 1101 614 secundum
1129 579 1169 613 et
1195 577 1366 619 tertium,
1403 579 1510 623 quod
1537 588 1620 615 non
1648 580 1711 615 est
1736 579 1792 615 in-

123 635 249 672 tentio
288 635 392 672 haec
417 635 606 681 praecise
632 636 980 681 praedicationem
1007 637 1114 672 illam
1140 646 1215 682 per
1240 637 1514 673 omnimodam
1540 637 1793 674 identitatem

123 694 340 737 sustinere,
360 697 373 738 ΙΙ
393 695 466 731 sed
506 696 660 731 tantum
699 696 1090 732 consubstantialem
1127 696 1309 732 innuere.
1359 695 1476 732 Unde
1514 697 1658 733 eodem
1685 697 1792 733 libro

123 753 330 800 subiungit
354 753 554 790 Sermone
582 754 673 790 101:
701 754 792 798 „Est
818 755 1008 800 quiddam
1034 754 1207 796 animae,
1234 755 1338 791 sicut
1363 757 1570 798 memoria,
1606 766 1711 801 quae
1737 757 1794 792 in-

72 820 103 845 10
123 811 266 855 ficitur,
293 812 396 849 sicut
423 813 611 849 voluntas
638 813 738 858 ipsa,
766 823 871 859 quae
896 813 1034 856 inficit,
1062 814 1238 859 denique
1264 815 1351 850 tota
1375 814 1465 859 ipsa
1484 815 1582 851 nihil
1602 816 1666 851 est
1685 815 1793 852 aliud

122 881 244 916 quam
269 872 384 914 ratio,
411 872 609 908 memoria
636 873 676 908 et
701 873 924 909 voluntas.“
976 873 1078 909 Vide
1106 873 1213 917 quod
1234 873 1330 909 dicit
1357 874 1569 918 „quiddam
1595 874 1792 911 animae“.

262 932 293 966 4.
332 930 394 967 Ad
431 932 617 976 quartum
655 931 872 968 dicendum
909 932 1018 977 quod
1049 932 1157 968 idem
1196 933 1259 968 est
1293 932 1532 977 principium
1559 933 1726 969 essendi
1753 935 1793 970 et

123 990 323 1035 operandi
348 991 560 1032 remotum,
588 990 744 1026 scilicet
768 990 900 1027 forma
925 991 1191 1027 constituens.
1243 990 1323 1027 Sed
1356 1000 1437 1027 non
1466 993 1528 1027 est
1553 992 1662 1028 idem
1686 993 1793 1038 prin-

124 1049 273 1095 cipium
299 1050 581 1095 propinquum.

73 1121 104 1146 15
263 1110 294 1144 5.
331 1109 393 1145 Ad
420 1109 624 1145 obiectum
659 1110 710 1145 de
736 1110 920 1154 potentia
945 1109 1142 1146 materiae
1169 1109 1384 1146 dicendum
1410 1110 1519 1155 quod
1545 1119 1629 1146 non
1653 1111 1718 1146 est
1741 1111 1793 1147 si-

123 1168 216 1204 mile
244 1168 294 1204 de
321 1168 506 1213 potentia
531 1168 727 1205 materiae
753 1169 920 1213 primae,
948 1178 1052 1214 quae
1079 1178 1192 1205 mere
1218 1168 1386 1213 passiva
1411 1170 1484 1205 est.
1523 1168 1663 1205 Omnis
1685 1170 1793 1206 enim

123 1228 312 1264 creatura
351 1237 404 1263 ex
443 1228 628 1264 essentia
653 1237 740 1269 sua,
779 1228 883 1264 sicut
907 1228 1104 1264 vertibilis
1132 1229 1194 1264 est
1221 1229 1261 1264 et
1286 1227 1539 1271 defectibilis,
1577 1228 1632 1264 ita
1657 1229 1791 1274 aliquo

123 1286 244 1322 modo
264 1286 482 1331 passibilis,
508 1286 703 1331 passione
722 1286 836 1332 large
857 1288 1027 1332 accepta
1046 1296 1120 1332 pro
1140 1287 1378 1332 receptione
1398 1288 1590 1332 quadam;
1615 1288 1792 1324 maxime

125 1346 262 1381 autem
287 1345 470 1387 materia,
498 1355 603 1390 quae
630 1346 681 1382 ad
706 1345 879 1382 formam
906 1346 1182 1382 essentialiter
1207 1347 1271 1382 est
1296 1346 1492 1383 ordinata.
1541 1346 1631 1382 Non
1650 1347 1709 1383 sic
1729 1348 1793 1383 est

71 1417 104 1442 ρο
125 1404 175 1444 de
201 1404 385 1449 potentia
410 1404 570 1447 actuali,
596 1414 702 1450 quae
729 1405 874 1441 dicitur
898 1404 1048 1450 aliquid
1073 1405 1116 1441 ut
1135 1405 1455 1448 instrumentum,
1482 1415 1561 1450 quo
1581 1406 1791 1450 protensio

123 1463 170 1499 fit
206 1463 248 1499 in
285 1463 467 1500 alterum.
516 1464 704 1500 Potentia
739 1474 837 1510 ergo
875 1464 1072 1500 materiae
1110 1464 1264 1509 primae
1301 1464 1399 1500 nihil
1425 1464 1520 1500 dicit
1545 1464 1625 1500 nisi
1649 1465 1791 1510 aptitu—

124 1522 260 1558 dinem
287 1522 374 1558 eius
401 1523 452 1559 ad
477 1522 661 1559 formam.
712 1523 825 1563 Quae
851 1523 994 1559 relatio
1022 1523 1109 1558 eius
1136 1523 1327 1559 accidens
1355 1524 1428 1564 est,
1456 1524 1496 1559 et
1520 1523 1676 1566 relatio,
1703 1524 1792 1560 sine

125 1591 205 1626 qua
242 1581 412 1617 materia
449 1591 526 1618 nec
560 1581 731 1628 intelligi
760 1583 898 1627 potest
931 1584 1057 1624 <nec>
1095 1590 1200 1624 esse,
1239 1591 1330 1617 cum
1367 1582 1522 1619 tantum
1559 1582 1790 1619 intellectus

123 1640 256 1686 possit
289 1641 394 1677 hanc
428 1641 480 1677 ab
515 1641 583 1677 illa
619 1641 882 1687 distinguere.
934 1640 1050 1681 Quod
1078 1640 1113 1676 si
1139 1641 1287 1677 obiciat
1313 1642 1454 1677 contra-
1479 1641 1691 1678 materiam
1715 1642 1793 1687 pri-

71 1712 106 1737 25
125 1709 232 1736 mam
263 1709 359 1735 esse
391 1697 669 1745 compositam,
701 1700 935 1745 respondeo
969 1699 1078 1744 quod
1104 1709 1157 1736 ex
1183 1699 1366 1736 subiecto
1393 1700 1434 1736 et
1458 1700 1672 1737 accidente
1709 1710 1793 1736 non

124 1758 170 1794 fit
194 1768 329 1794 unum.
378 1758 425 1794 Et
452 1759 645 1795 obicienti
671 1760 778 1804 quod
805 1759 975 1795 materia
1000 1758 1144 1804 recipit
1168 1758 1421 1801 relationem,
1455 1760 1699 1804 responderi
1723 1769 1793 1804 po-

126 1818 207 1853 test
243 1827 317 1863 per
353 1817 724 1863 interemptionem,
762 1818 926 1864 proprie
965 1818 1164 1854 sumendo
1202 1817 1494 1863 receptionem.
1543 1818 1629 1855 Hoc
1654 1819 1792 1855 tamen

126 1877 325 1922 consequi
347 1877 449 1920 dico,
477 1878 585 1922 quod
611 1877 782 1913 materia
806 1878 943 1922 potest
967 1876 1153 1922 recipere
1178 1876 1285 1913 hanc
1309 1876 1549 1913 relationem
1569 1887 1643 1922 per
1662 1877 1793 1922 ipsam

129 1944 245 1972 suam
259 1936 492 1972 essentiam.
519 1936 717 1983 Arguenti
737 1936 831 1981 quia
850 1937 946 1972 tunc
965 1935 1136 1972 materia
1154 1936 1217 1971 est
1237 1945 1312 1972 sua
1324 1936 1518 1981 potentia,
1539 1937 1792 1981 respondeo:

73 2007 107 2033 30
128 1993 360 2032 Secundum
394 1996 489 2041 quid
524 1997 565 2032 et
589 1999 720 2039 <n0n>
746 1995 992 2041 simpliciter,
1028 1995 1123 2040 quia
1158 2004 1253 2032 esse
1279 1995 1503 2040 potentiam
1529 1995 1580 2031 ad
1606 1995 1685 2031 hoc
1709 2005 1792 2032 non

127 2055 191 2090 est
217 2064 312 2090 esse
338 2055 563 2100 potentiam
587 2055 806 2101 propriam,
844 2054 938 2100 quia
963 2054 1144 2096 materia,
1171 2053 1222 2090 de
1249 2063 1329 2099 qua
1353 2054 1530 2099 loquitur
1567 2053 1794 2090 Philoso—

126 2114 265 2158 phus,
293 2115 357 2150 est
381 2114 622 2160 principium
646 2113 996 2150 transmutationis
1022 2113 1063 2149 in
1090 2113 1168 2149 alio
1196 2113 1420 2149 secundum
1441 2113 1548 2158 quod
1569 2113 1633 2149 est
1652 2113 1792 2149 aliud2.

264 2174 296 2209 6.
328 2173 390 2210 Ad
416 2173 598 2210 ultimum
623 2174 840 2210 dicendum
867 2173 975 2218 quod
1000 2180 1083 2208 non
1110 2173 1173 2208 est
1199 2172 1329 2208 simile
1356 2172 1406 2208 de
1431 2171 1571 2214 forma,
1598 2181 1703 2217 quae
1730 2173 1794 2208 est

126 2231 308 2268 ultimum
345 2233 518 2269 actionis
557 2233 881 2274 instrumentum,
919 2232 1014 2277 quia
1051 2231 1193 2267 ordine
1231 2232 1402 2267 naturae
1439 2231 1481 2266 in
1518 2231 1680 2267 actione
1719 2239 1794 2267 sua

75 2302 109 2327 35
128 2291 290 2328 actione
317 2292 572 2328 substantiae
598 2292 863 2336 praevenitur
889 2292 929 2327 et
956 2290 1043 2327 eius
1070 2289 1221 2326 actioni
1245 2289 1437 2325 innititur.
1486 2289 1672 2326 Potentia
1691 2299 1791 2326 vero

129 2350 406 2386 substantialis
438 2350 619 2386 innititur
654 2350 908 2386 substantiae
945 2349 1043 2390 eius,
1078 2348 1131 2384 ad
1159 2348 1273 2384 cuius
1299 2348 1439 2384 nutum
1464 2348 1505 2383 in
1531 2348 1711 2391 actu(m>
1735 2348 1793 2384 in-

130 2408 311 2445 clinatur.

269 2527 310 2559 10
344 2526 450 2567 quae]
489 2535 562 2567 qua
680 2526 722 2559 16
760 2525 872 2565 mere]
910 2526 1046 2557 textus:
1082 2525 1266 2563 materiae,
1304 2524 1345 2557 in
1383 2525 1555 2564 maryz'ne
1592 2523 1794 2564 com‘yitur

129 2579 266 2612 3523ss
293 2581 330 2612 et
354 2580 432 2613 eius
459 2579 592 2612 actioni
616 2579 786 2612 innititur.
814 2578 981 2611 Potentia
998 2586 1087 2610 vero
1107 2577 1356 2610 substantialis
1376 2577 1537 2609 innititur
1556 2575 1792 2615 substantiae]

130 2632 285 2665 additur
308 2633 349 2665 in
373 2633 546 2673 maraine

269 2749 282 2772 1
308 2751 388 2784 Scil.
415 2727 677 2784 Bernardus.
728 2750 843 2783 Locus
869 2750 988 2782 autem
1013 2757 1085 2782 non
1110 2749 1159 2781 ibi
1184 2748 1373 2787 invenitur,
1400 2748 1465 2781 sed
1489 2748 1525 2780 in
1550 2746 1726 2781 Sermone
1751 2747 1794 2781 de

132 2805 382 2838 Conversione
406 2805 458 2837 ad
483 2805 619 2844 Oleros,
644 2804 691 2837 VI
715 2803 787 2844 (PL
814 2803 890 2843 182,
917 2803 980 2835 841
1007 2811 1041 2835 n.
1069 2798 1138 2844 11).

267 2857 283 2879 2
308 2858 378 2891 Cfr.
405 2857 568 2899 Metaph.
593 2858 649 2897 XI,
675 2858 707 2890 3.

1819 703 1880 736 sol.
1902 703 1946 735 20
1954 707 1970 726 θ
1981 703 2001 735 b
