2095 3459
322 194 388 229 148
834 194 1012 226 -Iohannis
1037 193 1206 225 Pechami
1233 192 1483 229 Quaestiones.

321 300 465 327 omnes
505 300 654 326 causas
692 299 777 326 non
813 299 908 326 esse
940 289 1120 325 infinitas
1160 289 1384 325 secundum
1408 287 1694 324 rectitudinem
1706 294 1714 329 ;
1752 295 1994 332 ponensque

322 349 507 386 ordinem
535 358 675 385 earum
702 348 839 385 subdit
858 348 974 384 verbi
999 347 1149 394 gratia:
1176 347 1298 383 homo
1325 347 1513 383 movetur
1539 355 1593 382 ex
1617 346 1727 387 aere,
1759 345 1832 381 aer
1856 354 1882 381 a
1907 344 1994 381 sole

322 410 361 444 et
388 409 448 444 sol
476 417 500 443 a
526 408 629 449 luce,
668 408 691 443 i.
719 417 753 444 e.
780 407 1060 453 intelligentia.
1109 406 1157 442 Et
1182 406 1261 442 hoc
1287 406 1360 447 est,
1397 405 1505 450 quod
1539 404 1868 449 Philosophus
1901 403 1996 440 dicit

322 468 430 512 quod
457 468 592 503 motus
619 476 702 503 non
730 467 794 502 est
820 466 989 511 propter
1015 467 1178 507 motum,
1206 465 1281 501 sed
1306 465 1473 509 propter
1500 463 1660 500 stellam
1673 466 1696 499 1.

461 526 561 562 Item
589 526 855 562 excludamus
883 525 1111 570 positiones
1137 524 1472 569 philosophorum
1495 522 1735 568 ponentium
1754 522 1893 558 caelos
1914 531 1997 558 mo·
2015 528 2032 554 5

322 585 409 621 veri
444 586 496 621 ab
531 584 823 630 intelligentiis.
867 584 967 620 Dico
995 584 1103 628 quod
1128 584 1262 619 motus
1289 592 1505 627 corporum
1530 582 1799 618 humanorum
1824 581 1890 618 vel
1915 581 1998 617 ani-

322 644 487 680 malium
512 644 602 689 plus
630 644 841 688 dependet
866 652 891 679 a
917 651 1045 678 causa
1070 641 1303 687 particulari
1330 642 1371 677 et
1405 641 1657 683 elementari,
1693 650 1813 685 quam
1837 643 1910 683 <a>
1935 649 1998 676 su-

322 703 519 748 periore2‚
547 702 652 748 quia,
680 702 845 747 quando
874 702 996 738 homo
1018 702 1082 737 est
1100 700 1302 737 laetaliter
1321 700 1518 742 infirmus,
1547 699 1732 745 quamvis
1754 699 1816 736 sol
1834 700 2000 736 moveat

322 762 374 798 ad
400 761 726 807 generationem,
758 761 849 806 ipse
875 760 1006 797 tendit
1031 761 1084 796 ad
1110 759 1424 805 corruptionem.
1462 782 1506 785 —
1541 759 1641 795 Item
1665 759 1707 795 in
1734 759 1880 795 eadem
1906 768 2000 795 con-

324 820 557 857 stellatione
584 820 810 866 generatur
835 819 1002 865 sapiens
1031 820 1072 855 et
1096 819 1237 860 morio,
1265 828 1391 855 sanus
1413 819 1453 854 et
1472 818 1662 863 leprosus
1682 818 1851 863 propter
1870 817 2000 853 diver·
2021 821 2053 846 10

323 880 466 916 sitates
502 879 717 920 seminum,
757 879 862 915 sicut
897 879 959 914 sol
992 878 1179 914 calefacit
1204 877 1389 913 subiecta
1413 887 1497 913 non
1523 878 1690 922 propter
1715 877 1868 913 motum
1896 876 1999 921 prin-

324 939 520 984 cipaliter,
559 938 634 974 sed
659 938 829 983 propter
854 937 1045 973 virtutem
1072 946 1198 978 suam,
1227 946 1360 982 quam
1390 937 1515 972 habet
1546 935 1851 981 circumscripto
1878 936 2000 971 motu.

323 997 452 1039 Unde,
491 1007 582 1033 cum
618 997 834 1033 moveatur
868 996 1052 1032 velocius
1088 1005 1164 1040 per
1195 995 1387 1031 circulum
1413 995 1756 1040 aequinoctialem
1783 1004 1903 1039 quam
1929 1003 2002 1039 per

324 1056 592 1098 solstitialem,
631 1056 785 1100 quanto
825 1054 1138 1100 aequinoctialis
1177 1054 1308 1090 maior
1347 1055 1410 1090 est
1449 1053 1661 1095 solstitiali,
1700 1053 1832 1089 minus
1864 1054 2002 1089 tamen

324 1116 402 1151 urit
426 1115 562 1151 locum
589 1114 819 1150 subiectum
845 1113 1135 1158 aequinoctiali
1161 1122 1284 1159 quam
1311 1113 1523 1154 solstitiali,
1563 1113 1603 1148 et
1636 1112 1730 1149 ideo
1764 1112 1839 1148 sub
1865 1111 2002 1156 aequi·
2023 1120 2055 1146 15

324 1174 491 1211 noctiali
517 1174 580 1209 est
607 1172 955 1218 temperatissima
980 1172 1188 1214 habitatio,
1216 1173 1290 1208 sub
1318 1171 1521 1208 solstitiali
1546 1171 1734 1208 aestivali
1759 1171 2004 1216 intempera-

324 1233 494 1275 tissima,
522 1233 597 1268 sub
625 1231 830 1268 solstitiali
855 1231 1021 1267 hiemali
1046 1231 1166 1267 nulla.
1195 1251 1234 1256 —
1263 1231 1363 1267 Item
1390 1231 1451 1267 sol
1476 1231 1605 1276 gignit
1630 1230 1786 1267 radium
1808 1239 1925 1266 suum
1951 1239 2005 1265 ex

324 1292 561 1329 actualitate
581 1291 739 1327 formae
761 1299 874 1326 suae.
913 1289 1046 1326 Motus
1073 1290 1211 1326 autem
1236 1289 1387 1325 nullam
1414 1290 1483 1326 dat
1511 1289 1549 1325 ei
1574 1289 1861 1325 actualitatem.
1899 1288 2003 1334 Ergo

325 1351 476 1387 nullam
502 1350 694 1386 virtutem
721 1348 991 1394 operativam.
1043 1347 1125 1385 Sed
1163 1349 1273 1384 terra
1310 1349 1512 1393 temperat
1546 1348 1634 1384 eius
1670 1347 1934 1384 influentiam.
1962 1367 2005 1371 —

326 1411 425 1446 Item
452 1418 580 1446 causa
606 1408 825 1444 salsedinis
853 1407 976 1443 maris
1004 1408 1068 1443 est
1093 1407 1256 1443 adustio
1283 1406 1393 1443 facta
1426 1416 1500 1452 per
1536 1407 1675 1443 radios
1715 1406 1884 1448 solares,
1923 1415 2005 1441 non
2025 1414 2059 1439 20

327 1470 464 1505 autem
490 1469 754 1505 amarescunt
779 1476 913 1511 aquae
940 1466 1146 1502 fluxibiles
1173 1467 1341 1511 propter
1365 1466 1454 1508 hoc,
1481 1467 1589 1511 quod
1609 1465 1713 1502 radii
1739 1465 1897 1501 solares
1923 1474 2006 1500 non

327 1529 383 1564 ita
408 1527 589 1573 figuntur
614 1526 655 1562 in
682 1525 930 1566 fluminibus,
966 1525 1035 1570 qui
1060 1529 1277 1561 moventur
1303 1525 1507 1567 continue,
1544 1525 1650 1561 sicut
1674 1524 1715 1560 in
1741 1524 1852 1560 mari.
1901 1523 2006 1569 Ergo

327 1586 516 1623 alteratio
543 1594 677 1630 aquae
706 1585 769 1621 est
796 1584 1021 1620 secundum
1047 1584 1249 1620 rationem
1276 1583 1470 1619 fluxionis
1499 1584 1539 1620 et
1565 1583 1713 1629 quietis
1734 1583 1863 1629 magis
1887 1592 2007 1628 quam

329 1646 557 1682 secundum
582 1644 786 1680 rationem
813 1644 959 1679 motus.

470 1711 524 1745 19.
551 1709 613 1745 Ad
640 1708 993 1745 undevicesimum
1020 1707 1235 1744 dicendum
1263 1708 1372 1752 quod
1398 1707 1546 1743 Glossa
1570 1707 1746 1752 loquitur
1766 1707 1821 1743 ibi
1846 1716 1929 1742 non
1956 1707 2007 1742 de
2027 1707 2061 1732 ‘25

330 1770 442 1805 motu
461 1767 776 1813 resurgentium,
804 1767 880 1803 sed
900 1767 952 1803 de
972 1767 1063 1811 ipsa
1083 1766 1398 1807 resurrectione,
1426 1776 1532 1811 quae
1553 1766 1625 1802 fiet
1644 1765 1780 1802 divino
1802 1765 2007 1801 miraculo.

330 1829 450 1865 Unde
478 1827 575 1863 dicit
602 1826 795 1862 Glossass:
824 1825 893 1869 „Et
919 1826 954 1861 si
981 1826 1033 1861 sit
1058 1825 1113 1861 ibi
1138 1825 1250 1870 prius
1279 1826 1319 1861 et
1344 1826 1448 1870 post,
1482 1825 1598 1870 quasi
1625 1825 1743 1860 simul
1769 1825 1895 1860 totum
1924 1824 2008 1865 sit“,

331 1888 390 1923 sic
416 1885 667 1922 resurrectio
694 1886 946 1920 mortuorum
972 1884 1055 1920 fiet.
1106 1884 1270 1920 Certum
1298 1884 1406 1920 enim
1433 1885 1497 1920 est
1523 1884 1631 1929 quod
1664 1893 1747 1919 non
1784 1883 1857 1919 fiet
1892 1882 2010 1918 simul

330 1947 528 1990 tempore,
555 1944 651 1989 quia
676 1944 805 1988 primo
834 1943 910 1979 erit
935 1943 1142 1988 generalis
1168 1942 1417 1979 resurrectio
1446 1942 1637 1984 omnium,
1676 1942 1744 1987 qui
1769 1942 1865 1977 tunc
1892 1942 2010 1977 erunt

331 2003 490 2046 mortui,
518 2004 559 2039 et
584 2002 650 2043 illi,
678 2002 746 2047 qui
771 2002 854 2037 vivi
880 2001 1153 2044 invenientur,
1179 2001 1390 2046 rapientur
1415 2011 1506 2037 cum
1532 2001 1634 2042 aliis,
1661 2001 1702 2036 et
1721 2000 1762 2036 in
1781 2000 1872 2045 ipso
1893 2000 2010 2044 raptu
2030 1999 2063 2025 3⁰

332 2062 558 2099 morientur
585 2062 626 2097 et
646 2060 973 2097 vivificabuntur.
1023 2060 1141 2096 Unde
1163 2060 1286 2096 docet
1304 2059 1633 2104 Hieronymus
1659 2059 1700 2095 in
1722 2058 1897 2104 epistola
1917 2067 2012 2103 qua-

332 2122 451 2158 dam4
477 2120 670 2165 quoniam
697 2120 737 2155 in
759 2119 890 2155 Adam
912 2128 1056 2155 omnes
1077 2119 1314 2160 moriuntur,
1341 2119 1384 2154 ut
1404 2118 1500 2154 dicit
1520 2117 1812 2163 Apostolus,
1832 2117 1905 2159 <I.>
1922 2117 2011 2153 Cor.

331 2182 411 2223 <15‚
432 2181 510 2221 22).
560 2179 608 2215 Et
642 2179 746 2215 haec
782 2179 847 2214 est
873 2177 1081 2214 sententia
1119 2177 1405 2223 Augustini,
1431 2177 1491 2213 De
1517 2177 1693 2213 Civitate
1726 2176 1784 2220 X„
1819 2186 1907 2221 cap.
1932 2176 2012 2212 205.

331 2239 488 2275 Tamen
524 2238 672 2274 Graeci
708 2237 890 2273 sentiunt
925 2236 1183 2273 eontrarium.
1239 2236 1358 2272 Unde
1397 2236 1466 2272 ubi
1502 2246 1579 2272 nos
1617 2235 1817 2272 habemus
1855 2235 1896 2280 (I.
1923 2234 2012 2270 Cor.

335 2300 387 2340 15,
409 2298 490 2343 51):
519 2297 695 2341 „Omnes
722 2305 999 2342 resurgemuS‚
1026 2296 1099 2332 sed
1126 2305 1209 2331 non
1237 2304 1382 2331 omnes
1402 2294 1736 2336 immutabimur“,
1763 2293 1842 2339 ipsi
1861 2294 2014 2330 habent
2033 2292 2065 2317 35

334 2356 571 2402 negativam
598 2355 676 2392 sic:
717 2355 828 2399 „Non
855 2364 999 2391 omnes
1026 2354 1286 2396 dormiemus
1320 2363 1464 2390 omnes
1492 2354 1629 2390 autem
1654 2352 1946 2394 imutabimur“‚
1971 2351 2015 2387 ut

334 2416 424 2460 ipse
452 2414 549 2451 dicit
575 2415 622 2450 in
648 2414 794 2450 eadem
821 2413 1012 2458 epistola.

477 2537 496 2568 8
524 2535 727 2576 superiore]
754 2536 946 2575 superiora
1042 2535 1085 2566 25
1112 2533 1171 2573 ibi]
1199 2534 1292 2566 enim
1389 2534 1427 2565 31
1458 2532 1572 2572 Unde]
1601 2531 1622 2565 v

479 2665 491 2686 1
518 2666 650 2698 Nescio
678 2674 749 2705 quo
775 2665 873 2703 loco;
900 2665 982 2697 vide
1009 2673 1121 2705 supra
1146 2673 1228 2705 pag.
1258 2664 1322 2696 114
1349 2664 1421 2696 not.
1452 2664 1480 2695 1.

478 2717 493 2740 2
519 2718 694 2751 Videatur
720 2719 817 2758 apud
842 2718 1014 2756 Bonav.,
1044 2718 1109 2757 Op.
1137 2726 1235 2749 omn.
1264 2717 1302 2755 II,
1329 2717 1395 2748 359
1422 2725 1470 2748 ss.
1498 2714 1729 2756 (praesertim
1756 2714 1821 2747 361
1850 2714 1895 2746 ad
1919 2712 1955 2752 2)
1980 2714 2016 2745 et

337 2772 361 2810 I,
389 2772 467 2810 723,
495 2771 572 2803 749.

477 2822 657 2856 3.Glossa
683 2824 886 2856 ordinaria
913 2824 959 2856 ad
984 2823 1006 2856 Ι.
1035 2823 1116 2856 Cor.
1146 2823 1198 2861 15,
1227 2823 1280 2855 52.

477 2875 491 2897 ‘¹
518 2876 625 2916 Apud
650 2876 962 2916 Hieronymum
987 2876 1104 2908 locum
1130 2884 1202 2907 non
1228 2875 1360 2914 inveni,
1400 2874 1464 2906 sed
1497 2874 1560 2906 ci'r.
1598 2873 1753 2914 epistola
1778 2870 2016 2913 Augustini

340 2929 385 2961 ad
412 2930 596 2961 eundem
622 2927 694 2968 (PL
721 2929 774 2968 33,
802 2929 868 2961 732
895 2938 927 2961 n.
956 2928 1025 2966 27).

479 2980 494 3002 5
520 2982 573 3014 De
599 2982 673 3014 Civ.
700 2982 768 3014 Dei
792 2981 862 3020 XII,
890 2982 951 3020 21;
979 2981 1064 3020 XIII,
1092 2981 1108 3013 1
1136 2977 1208 3022 (PL
1235 2980 1288 3019 43,
1316 2981 1400 3018 372;
1427 2978 1520 3018 377).
1571 2979 1641 3011 Sed
1667 2979 1746 3011 cl'r.:
1785 2977 1890 3018 Opus
1923 2977 2016 3017 Imp.

341 3035 474 3066 eontra
488 3034 563 3066 Jul.
579 3034 617 3072 11,
635 3035 699 3066 104
715 3033 787 3071 (PL
801 3034 855 3072 45,
872 3033 976 3072 1184)
997 3035 1032 3065 et
1053 3033 1194 3066 Contra
1214 3033 1312 3065 duas
1326 3033 1440 3073 Epist.
1457 3032 1580 3072 Pelay.
1595 3031 1652 3070 IV,
1668 3032 1686 3063 4
1708 3029 1778 3070 (PL
1792 3031 1846 3069 44,
1861 3030 1928 3062 613
1940 3028 2016 3068 ss).
