2095 3459
319 184 384 219 154
835 185 1010 217 dohannis
1035 184 1203 216 Pechami
1230 184 1479 221 Quaestione&

454 283 486 317 8.
512 282 611 317 Item
637 290 784 325 corpus
823 280 967 316 stellae
1003 279 1149 316 clarius
1186 281 1249 316 est
1274 289 1395 324 quam
1420 279 1585 315 residua
1610 287 1704 323 pars
1732 277 1852 317 orbis,
1885 277 1979 322 quia

317 341 357 376 in
383 340 472 385 ipso
500 341 563 376 est
588 339 716 376 maior
741 339 978 385 aggregatio
1014 338 1114 374 lucis
1150 347 1270 383 quam
1305 338 1345 373 in
1380 337 1468 374 aliis
1496 336 1677 382 partibus
1704 336 1825 372 orbis.
1873 335 1978 381 Ergo
2034 341 2037 344 ’

317 399 385 435 ubi
409 398 538 434 maior
575 399 638 434 est
669 397 843 439 claritas,
877 397 932 433 ibi
970 397 1092 434 etiam
1124 396 1253 433 maior
1284 397 1347 432 est
1379 395 1616 441 aggregatio
1643 394 1754 431 lucis.
1805 394 1886 430 Sed
1910 394 1980 430 im-

317 457 512 503 possibile
539 458 601 493 est
625 457 666 493 in
694 465 865 501 corpore
891 457 1068 492 humano
1096 465 1190 492 θεεθ
1216 456 1370 491 tantam
1395 454 1730 500 aggregationem
1749 453 1850 489 lucis
1877 452 1981 489 sicut

317 516 358 552 in
385 525 555 561 corpore
583 515 716 551 solari.
765 514 869 561 Ergo
896 514 1148 560 impossibile
1184 514 1248 550 est
1281 513 1322 549 in
1357 522 1407 549 eo
1444 522 1538 549 esse
1576 513 1729 548 tantam
1755 511 1980 548 claritatem
1999 521 2015 546 5

319 575 422 611 sicut
446 574 487 610 in
514 574 611 610 sole.
663 573 779 614 Quod
804 575 940 610 autem
966 571 1216 618 impossibile
1253 572 1304 608 sit
1335 572 1489 607 tantam
1520 570 1854 616 aggregationem
1879 569 1980 605 lucis

319 642 413 669 esse
434 633 475 668 in
495 642 667 678 corpore
693 633 881 674 humano,
907 633 1120 677 probatur:
1153 630 1269 671 Quod
1297 630 1332 666 si
1356 630 1493 675 potest
1519 639 1626 671 esse,
1664 630 1838 674 ponatur
1862 628 1982 674 igitur

319 701 466 736 corpus
493 691 627 727 solare
655 692 695 727 et
721 692 938 727 humanum
960 691 1000 726 in
1020 690 1230 735 <aequali>
1251 689 1445 725 claritate.
1496 688 1577 725 Sed
1604 688 1638 723 si
1664 689 1715 724 ab
1741 687 1980 732 aequalibus

318 750 506 795 aequalia
531 750 756 791 demantur,
783 759 887 795 quae
902 749 1155 794 reliquuntur
1173 749 1291 785 erunt
1310 747 1509 793 aequalia.
1552 746 1657 792 Ergo
1679 746 1982 791 circumscripta

319 809 501 845 claritate
527 808 767 853 aequabitur
793 817 940 853 corpus
961 808 1179 844 humanum
1200 807 1362 852 corpori
1388 806 1510 842 solari
1523 806 1564 841 in
1584 806 1754 841 naturae
1775 804 1980 849 dignitate.
2003 813 2035 837 ιιι

319 867 435 908 Quod
462 868 525 903 est
549 867 811 912 impossibile.
854 866 959 912 Ergo
987 867 1085 902 etc.1

113 959 156 996 C.
178 959 319 995 lell.
560 955 814 1000 Responsio
840 955 923 998 <ad
951 954 1265 1000 quaestionem
1296 951 1752 993 duodevicesimam>

113 2158 173 2190 fol.
195 2159 237 2190 34
248 2161 263 2180 r
274 2166 298 2189 α

456 1032 703 1077 Respondeo
730 1032 781 1068 ad
807 1031 976 1077 primam
1003 1030 1288 1076 quaestionem
1314 1029 1423 1074 quod
1449 1037 1622 1073 corpora
1647 1028 1826 1074 gloriosa
1850 1027 1984 1064 futura

319 1091 412 1126 sunt
438 1090 556 1126 clara.
608 1089 724 1130 Quod
750 1090 861 1135 patet
897 1099 951 1126 ex
986 1099 1111 1126 causa
1147 1087 1363 1130 efficiente,
1399 1097 1453 1124 ex
1486 1086 1668 1128 materia,
1705 1096 1757 1122 ex
1787 1086 1918 1122 forma
1944 1087 1984 1123 et

319 1159 371 1186 ex
395 1149 489 1186 fine.
2003 1153 2035 1178 15

456 1207 516 1243 Ex
542 1207 759 1249 efficiente,
786 1207 961 1253 inquam,
990 1217 1096 1252 quae
1123 1207 1232 1243 Deus
1261 1207 1333 1247 est,
1361 1206 1403 1241 ut
1422 1206 1502 1245 lux,
1523 1204 1851 1240 intellectualiter
1871 1204 1982 1240 visus

318 1267 368 1303 ab
393 1266 529 1302 anima
555 1267 595 1302 et
620 1266 750 1311 ipsam
775 1265 1016 1302 beatificans
1044 1266 1084 1301 et
1110 1275 1257 1310 corpus
1284 1264 1458 1300 hominis
1485 1264 1575 1308 ipsa
1600 1263 1816 1299 mediante.
1867 1263 1983 1299 Unde

319 1325 636 1371 Augustinus,
662 1325 720 1361 De
740 1325 913 1361 Civitate
939 1324 994 1365 X.,
1022 1334 1108 1369 cap.
1131 1326 1190 1359 12:
1225 1323 1437 1368 „Eligimus
1457 1322 1699 1363 Platonicos,
1725 1322 1984 1367 philosopho-

318 1393 405 1420 rum
438 1383 615 1420 omnium
648 1383 935 1424 nobilissimos,
974 1384 1194 1428 propterea
1219 1382 1313 1427 quia
1348 1391 1495 1427 sapere
1521 1382 1751 1426 potuerunt,
1785 1381 1880 1417 licet
1916 1380 1985 1416 im-

319 1443 530 1479 mortalem
556 1452 604 1478 ac
629 1442 869 1478 rationalem
904 1442 1077 1478 hominis
1104 1442 1291 1483 animam,
1327 1440 1405 1476 nisi
1437 1440 1676 1485 participato
1702 1439 1852 1475 lumine
1879 1439 1983 1475 illius
2003 1447 2037 1471 20

318 1501 403 1543 Dei,
429 1511 454 1537 a
480 1511 558 1546 quo
587 1502 626 1537 et
651 1501 786 1546 <ipsa>
811 1501 919 1537 facta
946 1502 1009 1537 est
1035 1502 1075 1537 et
1100 1501 1284 1542 mundus,
1311 1501 1473 1536 beatam
1501 1509 1595 1535 esse
1622 1508 1705 1535 non
1731 1500 1888 1543 posse.“
1938 1497 1986 1533 Et

318 1560 450 1606 Hugo
478 1560 598 1596 docet
629 1569 752 1605 super
784 1560 1001 1605 capitulum
1036 1560 1096 1596 De
1120 1558 1371 1604 Seraphim³
1406 1558 1514 1603 quod
1546 1558 1631 1594 tota
1657 1557 1864 1594 beatitudo
1892 1566 1985 1593 con-

319 1619 423 1654 sistit
448 1618 489 1654 in
515 1618 665 1655 lumine
693 1620 733 1655 et
768 1618 992 1655 dulcedine.
1042 1618 1254 1654 Probatur:
1294 1617 1512 1654 Sciendum
1548 1617 1611 1652 est
1646 1617 1753 1661 quod
1788 1616 1909 1658 Deus,
1944 1615 1984 1652 in

319 1678 512 1722 quantum
536 1677 606 1713 lux
633 1679 705 1719 est,
740 1678 834 1713 idea
868 1678 931 1713 est
965 1677 1066 1714 lucis
1103 1686 1341 1722 corporeae.
1390 1675 1508 1711 Unde
1542 1684 1690 1720 corpus
1718 1675 1864 1716 solare,
1891 1674 1985 1719 quia

320 1737 407 1772 erat
433 1736 519 1772 Deo
540 1736 781 1772 simillimum
802 1736 843 1772 in
862 1745 1018 1782 genere
1039 1745 1265 1781 corporum,
1287 1735 1438 1771 nullum
1453 1734 1561 1770 aliud
1581 1733 1669 1770 Deo
1690 1733 1840 1769 idolum
1865 1733 1984 1768 finxit
2003 1740 2036 1765 25

318 1795 548 1840 antiquitas,
574 1796 617 1831 ut
642 1795 737 1832 dicit
756 1795 1071 1832 Macrobius4.
1118 1795 1233 1836 Quod
1261 1794 1380 1841 igitur
1401 1793 1544 1830 dicitur
1570 1793 1595 1828 Ι.
1616 1792 1829 1829 Johanms
1853 1793 1885 1834 3,
1900 1793 1986 1834 <2>.·

320 1853 439 1898 „Cum
478 1854 721 1899 apparuerit,
760 1854 912 1890 similes
952 1854 989 1890 ei
1028 1854 1189 1895 erimus,
1228 1853 1324 1898 quia
1360 1852 1588 1889 videbimus
1626 1861 1718 1888 eum
1745 1850 1863 1887 sicuti
1887 1851 1983 1887 est.“

319 1913 418 1949 Cum
444 1922 592 1958 corpus
618 1914 836 1949 humanum
863 1913 914 1949 sit
948 1913 1003 1949 ibi
1028 1912 1345 1949 beatificandum
1377 1911 1583 1947 mediante
1610 1911 1755 1952 anima,
1783 1911 1824 1946 et
1849 1910 1984 1946 anima

318 1972 408 2016 ipsa
432 1971 729 2008 beatificabitur
753 1981 778 2008 a
802 1972 903 2014 luce,
931 1972 1155 2008 secundum
1181 1971 1288 2016 quod
1309 1971 1379 2006 lux
1401 1970 1474 2011 est,
1493 1979 1669 2006 necesse
1691 1970 1754 2005 est
1773 1970 1816 2005 ut
1836 1978 1983 2014 corpus

318 2030 449 2075 ipsum
473 2030 559 2066 Deo
580 2030 835 2072 assimiletur,
858 2032 898 2067 et
916 2031 957 2066 in
977 2030 1152 2066 lucendo
1173 2031 1285 2065 tanto
1308 2029 1529 2070 sublimius,
1545 2029 1696 2073 quanto
1711 2027 1982 2064 immediatius
2002 2039 2054 2064 30.

320 2099 392 2134 per
416 2089 588 2125 formam
612 2089 816 2134 propriam
843 2089 1020 2126 divinam
1040 2088 1252 2134 participat
1266 2088 1500 2124 claritatem.
1552 2087 1655 2128 Quia
1673 2086 1793 2133 igitur
1813 2096 1986 2132 corpora

318 2148 498 2194 gloriosa
531 2147 842 2184 deiformitatem
860 2151 873 2192 Η
892 2148 955 2184 sui
986 2148 1150 2194 generis
1185 2147 1426 2184 obtinebunt
1452 2147 1492 2182 et
1523 2146 1730 2182 mediante
1769 2145 1905 2182 anima
1930 2145 1985 2182 di-

319 2207 455 2242 vinam
484 2206 617 2243 lucem
641 2207 948 2252 participabunt,
975 2216 1151 2243 necesse
1179 2207 1243 2243 est
1276 2206 1344 2244 illa
1370 2215 1543 2251 corpora
1576 2205 1756 2241 existere
1782 2204 1985 2241 luminosa

321 2267 361 2302 et
387 2266 611 2301 clarissima
636 2266 741 2302 inter
767 2267 903 2302 omnia
928 2275 1112 2311 corpora.

458 2324 557 2360 Item
582 2325 660 2360 hoc
685 2322 792 2361 idem
818 2325 930 2370 patet
956 2333 1008 2360 ex
1033 2323 1214 2366 materia,
1251 2323 1345 2369 quia
1371 2332 1544 2368 corpora
1574 2323 1642 2359 illa
1674 2323 1792 2359 erunt
1816 2323 1984 2359 redacta
2002 2332 2036 2358 35

319 2383 359 2418 in
395 2383 704 2425 neutralitatem,
739 2385 782 2420 ut
823 2393 945 2429 supra
979 2383 1129 2419 dictum
1164 2383 1227 2419 est
1240 2386 1264 2418 b.
1315 2382 1400 2418 Nec
1435 2382 1543 2418 enim
1579 2382 1696 2418 erunt
1730 2381 1873 2427 gravia
1907 2390 1984 2417 nec

319 2441 437 2483 levia,
464 2442 549 2483 sed,
575 2443 618 2478 ut
643 2442 737 2478 dicit
762 2442 1080 2489 Augustinus,
1107 2442 1165 2478 De
1185 2442 1359 2478 Civitate
1385 2441 1505 2484 XIII„
1531 2450 1617 2486 cap.
1638 2442 1719 2476 22⁶:
1742 2440 1875 2484 „Tunc
1895 2449 1984 2476 cae-

319 2500 433 2537 lestis
459 2501 580 2537 homo
617 2500 702 2542 erit,
735 2501 828 2546 quia
859 2502 968 2537 dono
1003 2501 1172 2537 caelesti
1198 2510 1345 2545 corpus
1379 2500 1466 2536 eius
1492 2500 1573 2536 tale
1607 2499 1693 2542 erit,
1727 2500 1769 2535 ut
1799 2499 1840 2535 in
1867 2499 1982 2535 caelo

320 2559 548 2602 incolendo,
586 2570 668 2596 non
700 2560 852 2597 amissa
882 2561 1036 2601 natura,
1074 2560 1147 2596 sed
1173 2554 1327 2596 mutata
1358 2559 1551 2604 qualitate
1578 2558 1829 2594 conveniat.“
1881 2557 1984 2598 Quia

320 2619 439 2664 igitur
464 2619 790 2664 unumquodque,
817 2620 1010 2664 quantum
1035 2619 1158 2655 habet
1193 2619 1243 2655 de
1268 2618 1409 2659 forma,
1448 2618 1603 2654 tantum
1629 2618 1753 2653 habet
1779 2617 1828 2653 de
1855 2617 1946 2652 loco
1957 2618 1982 2658 ⁷,
2003 2626 2036 2652 4ο

320 2687 495 2714 necesse
523 2679 595 2719 est,
630 2678 673 2714 ut
710 2687 856 2723 corpus
880 2678 1113 2724 gloriosum,
1149 2687 1199 2714 eo
1225 2677 1315 2722 ipso
1344 2686 1423 2722 quo
1450 2676 1491 2712 in
1529 2676 1854 2713 conformitatem
1892 2684 1983 2711 cum

459 2776 471 2798 1
498 2776 785 2817 Responsionem
812 2777 847 2809 et
872 2776 1087 2809 solutionem
1115 2776 1335 2809 obiectorum
1362 2775 1513 2808 habebis
1540 2783 1625 2816 pap.
1654 2775 1718 2808 160
1739 2783 1842 2815 seqq.

458 2828 473 2850 2
498 2828 568 2868 (PL
594 2830 647 2868 41,
675 2829 740 2861 277
767 2838 799 2861 n.
828 2825 872 2871 1).

457 2881 473 2904 3
497 2883 549 2914 De
575 2882 671 2915 Cael.
697 2882 808 2920 Hier„
835 2883 893 2915 lib.
920 2882 966 2914 VI
991 2880 1061 2921 (PL
1088 2882 1165 2921 175,
1194 2882 1281 2914 1034
1309 2877 1391 2923 εε.);
1418 2881 1480 2914 cir.
1508 2881 1566 2914 lib.
1593 2881 1638 2913 IV
1664 2879 1726 2920 (ib.
1755 2877 1869 2921 1002).

458 2934 472 2957 4
497 2935 566 2968 Cir.
593 2935 638 2968 In
663 2933 788 2968 Somn.
815 2934 922 2976 Scipt.
949 2935 973 2975 Ι,
1001 2936 1054 2967 17.
1194 2934 1209 2957 5
1234 2934 1319 2976 Pag.
1348 2934 1409 2967 114
1432 2943 1461 2967 s.

459 2987 474 3009 6
498 2988 582 3027 XIII,
610 2988 652 3020 23
678 2986 748 3027 (PL
774 2988 826 3027 41,
853 2986 945 3027 396).

460 3039 474 3062 ⁷
506 3041 574 3073 Cir.
601 3041 744 3080 Arist„
769 3040 878 3080 Phys.
903 3040 959 3080 IV,
981 3041 999 3072 2
1021 3039 1123 3079 (text.
1147 3038 1219 3080 14);
1245 3040 1298 3072 De
1324 3039 1420 3072 Cael.
1445 3041 1480 3072 et
1503 3039 1645 3072 Mundo
1670 3039 1726 3079 1V,
1748 3039 1765 3071 4
1787 3038 1890 3079 (text.
1913 3036 1982 3078 35).
