2095 3459
857 202 1030 234 Ouacstio
1058 201 1096 234 V.
1773 203 1818 238 51)

140 311 220 338 non
249 301 300 336 sit
326 300 519 346 possibile
548 299 769 345 quamlibet
795 299 971 335 animam
1001 300 1038 335 in
1067 299 1276 344 quodlibet
1304 309 1454 345 corpus
1482 301 1650 347 ingredi,
1679 304 1816 339 tamen

138 370 263 406 posse
291 359 449 405 ingredi
475 359 515 395 in
543 358 796 395 consimilem
824 360 1008 395 naturam
1031 359 1096 394 vel
1120 359 1461 404 complexionem.
1501 360 1688 397 Habebat
1709 362 1815 398 enim

138 429 210 466 pro
234 419 550 460 inconvenienti,
578 419 685 463 quod
708 418 938 454 substantia
964 418 1184 463 spiritualis
1212 419 1346 455 otiosa
1376 421 1572 456 maneret.
1626 420 1705 457 Sed
1732 431 1816 458 non

139 481 202 515 est
228 479 383 519 mirum,
422 478 457 514 si
495 488 548 514 ex
581 488 661 514 uno
696 477 937 522 impossibili
977 480 1172 522 sequatur
1208 478 1328 514 aliud.
1379 478 1494 515 Nullo
1529 480 1665 516 tamen
1693 482 1815 518 modo

86 543 101 567 ἰ»
140 538 389 574 credendum
416 539 548 583 ipsum
572 537 764 583 posuisse
792 537 909 572 simul
936 537 1094 573 infinita
1120 538 1213 573 actu
1241 538 1281 573 et
1302 537 1336 573 si
1357 538 1492 583 aliquo
1513 540 1636 576 modo
1657 541 1817 576 revolu-

139 598 292 634 tionem
318 597 512 643 posuerit,
539 597 806 642 proculdubio
835 597 996 638 erravit,
1024 597 1120 642 quia
1146 606 1262 633 error
1282 607 1385 633 unus
1412 597 1502 635 sine
1524 598 1603 635 alio
1624 599 1818 636 sustineri

139 667 221 694 non
247 658 396 703 potest.

765 879 1075 940 Quaestio
1115 880 1185 932 V.

169 1002 408 1049 Quaeritur
445 1003 593 1042 utrum
632 1001 784 1052 aliqua
822 1002 900 1042 lux
940 1002 995 1042 sit
1026 1002 1341 1044 intellectualis
1374 1016 1465 1045 una
1504 1017 1704 1056 numere,
1744 1007 1789 1047 in

88 1089 118 1114 ιο
170 1085 259 1125 qua
296 1073 446 1114 omnia
486 1072 848 1114 intellectualiter
887 1076 1231 1125 cognoscuntur,
1278 1075 1333 1116 sit
1370 1076 1450 1117 lux
1489 1088 1580 1118 una
1621 1080 1786 1128 creata,

793 1145 888 1185 sive
920 1145 1122 1186 increata
1136 1140 1161 1186 ¹.

276 1235 406 1277 Quod
434 1236 589 1271 autem
614 1243 709 1271 una
736 1235 792 1271 stt
816 1235 891 1271 lux
918 1235 962 1271 in
990 1236 1222 1273 communi
1249 1238 1463 1282 omnium,
1489 1240 1700 1277 ostende-

405 1296 418 1337 Η
436 1294 573 1331 batur
600 1294 868 1331 auctoribus
894 1296 939 1331 et
964 1295 1219 1332 rationibus
1245 1297 1441 1342 plurium
1470 1298 1559 1335 sic:

281 1386 311 1420 1.
350 1383 671 1429 Augustinus,
707 1383 749 1419 Π.
786 1383 845 1420 De
872 1384 1018 1420 Libero
1045 1385 1283 1423 Arbitrio2:
1325 1386 1388 1430 „Si
1426 1397 1627 1425 summum
1666 1390 1818 1426 bonum

90 1457 121 1482 15
141 1444 328 1482 omnibus
367 1453 493 1480 unum
531 1444 605 1485 est,
645 1444 685 1479 et
724 1444 887 1488 oportet
924 1444 1150 1486 veritatem,
1187 1445 1228 1481 in
1267 1456 1346 1491 qua
1373 1447 1550 1484 cernitur
1577 1449 1618 1484 et
1644 1450 1816 1490 tenetur,

141 1505 164 1541 i.
192 1514 227 1541 e.
266 1503 522 1549 sapientiam,
562 1502 749 1539 omnibus
788 1512 910 1539 unam
947 1512 1042 1540 esse
1076 1507 1367 1542 communem.“
1417 1506 1529 1543 Haec
1555 1507 1816 1554 Augustinus.

142 1564 224 1601 Sed
248 1563 400 1599 veritas
428 1563 507 1598 ista
531 1562 613 1601 lux,
639 1562 754 1598 iuxta
780 1562 875 1598 illud
897 1562 997 1607 Apo
1012 1563 1148 1605 stoli,
1169 1564 1234 1600 Ad
1251 1565 1455 1610 Ephesios
1474 1566 1510 1602 V
1530 1566 1594 1612 (9).
1627 1568 1816 1611 „chtus

140 1623 242 1659 lucis
271 1623 334 1659 est
360 1622 401 1658 in
428 1621 538 1658 omni
563 1621 757 1663 bonitate,
784 1621 937 1658 iustitia
964 1623 1004 1658 et
1030 1622 1237 1660 veritate.“
1264 1624 1457 1670 Loquitur
1483 1626 1538 1662 ibi
1563 1627 1815 1673 Augustinus

143 1683 193 1720 de
220 1681 454 1728 cognitione
480 1681 583 1717 viae.
634 1680 787 1727 <Ergo>
813 1689 894 1717 una
921 1683 984 1718 est
1009 1682 1079 1718 lux
1105 1682 1283 1719 omnium
1310 1684 1519 1721 hominum
1554 1696 1724 1723 numero
1761 1687 1818 1724 in-

89 1753 123 1778 20
142 1741 396 1779 tellectualis.

281 1802 313 1837 2.
352 1801 452 1837 Item
487 1801 566 1836 hoc
602 1800 734 1845 ipsum
774 1801 886 1845 patet
923 1810 997 1846 per
1031 1801 1311 1838 Anselmum
1349 1803 1553 1841 dicentem
1593 1806 1731 1843 ultimo
1758 1807 1818 1844 De

151 1861 351 1898 Veritatess
376 1860 485 1905 quod
511 1869 593 1895 una
619 1860 683 1895 est
707 1859 908 1896 rectitudo
935 1860 1128 1901 veritatis,
1156 1871 1261 1906 quae
1289 1864 1515 1900 communis
1543 1865 1606 1901 est
1627 1865 1815 1902 omnibus

143 1920 252 1957 veris
280 1920 383 1956 sicut
408 1920 570 1964 tempus
597 1919 784 1955 omnibus
811 1920 1115 1964 temporalibus.

281 1980 314 2015 3.
351 1979 451 2015 Item
489 1978 620 2015 omnis
652 1978 792 2023 passio
821 1979 1045 2015 communis
1071 1980 1195 2016 habet
1221 1990 1387 2017 causam
1415 1992 1683 2020 communem.
1735 1984 1815 2021 Sed

91 2049 126 2075 25
144 2039 371 2085 intelligere
398 2039 462 2074 est
486 2038 581 2083 pati,
608 2039 648 2073 et
674 2037 904 2074 intellectus
931 2038 1015 2075 nati
1041 2040 1135 2075 sunt
1161 2040 1388 2086 intelligere
1415 2043 1620 2084 <eadem>.
1663 2043 1816 2080 Eadem

145 2098 253 2135 enim
274 2099 368 2134 sunt
387 2097 575 2134 omnibus
596 2106 669 2142 per
690 2106 735 2133 se
757 2098 864 2133 nota.
901 2097 1006 2144 Ergo
1030 2107 1104 2143 per
1122 2099 1300 2144 aliquam
1320 2109 1488 2137 causam
1510 2103 1695 2138 eandem.
1735 2102 1816 2139 Sed

145 2167 271 2194 causa
296 2156 548 2203 intelligendi
574 2166 657 2192 non
685 2157 749 2192 est
775 2156 852 2192 nisi
873 2157 943 2192 lux
963 2157 1170 2194 illustrans
1192 2159 1243 2195 ad
1263 2158 1581 2206 intelligendum.
1611 2161 1717 2208 Ergo
1739 2163 1814 2200 etc.

284 2218 316 2252 4.
343 2216 442 2252 Item
469 2225 546 2261 ego
572 2215 754 2261 intelligo
781 2216 957 2261 aliquam
984 2217 1346 2255 demonstrabilem
1371 2219 1596 2262 veritatem,
1626 2221 1665 2257 et
1691 2221 1734 2257 tu
1759 2221 1815 2257 in-

146 2276 292 2322 telligis
320 2276 503 2312 eandem.
553 2274 600 2311 Et
626 2285 703 2321 ego
730 2275 909 2321 intelligo
936 2276 977 2312 te
1003 2276 1230 2323 intelligere
1265 2277 1371 2313 illam
1409 2278 1513 2315 sicut
1550 2289 1626 2316 me.
1676 2280 1814 2327 Arguo

94 2350 128 2376 30
148 2342 265 2381 ergo:
291 2334 470 2371 Effectus
491 2344 573 2370 non
601 2334 764 2370 excedit
790 2343 966 2370 causam.
1015 2334 1120 2381 Ergo
1142 2336 1333 2373 identitas
1354 2336 1526 2374 effectus
1548 2339 1611 2375 est
1630 2340 1682 2375 ab
1702 2339 1813 2376 iden-

147 2394 259 2430 titate
279 2403 439 2430 causae.
491 2393 532 2429 Si
558 2402 656 2438 ergo
678 2402 754 2438 ego
781 2392 961 2439 intelligo
986 2393 1103 2435 idem,
1131 2395 1239 2439 quod
1264 2395 1372 2431 idem
1397 2395 1578 2442 intelligo
1604 2398 1645 2434 te
1670 2398 1813 2434 intelli-

147 2462 255 2500 gere,
295 2454 335 2489 et
365 2454 407 2488 tu
438 2452 627 2498 intelligis
660 2452 779 2494 idem,
818 2453 978 2497 oportet
1016 2454 1123 2498 quod
1163 2454 1214 2490 sit
1238 2464 1312 2500 per
1338 2464 1505 2492 causam
1531 2457 1716 2493 eandem.
1765 2456 1813 2493 Et

147 2510 204 2549 ita
228 2514 271 2548 ut
296 2521 429 2557 supra.

287 2573 318 2607 5.
353 2571 453 2607 Item
488 2579 608 2606 omne
643 2570 892 2616 intelligibile
930 2572 1067 2607 natum
1100 2572 1163 2607 est
1193 2572 1362 2618 intelligi
1395 2574 1539 2610 eadem
1570 2574 1810 2611 certitudine

96 2646 130 2671 35
149 2640 174 2667 a
198 2640 264 2666 me
291 2630 331 2666 et
356 2639 381 2666 a
405 2631 457 2666 te.
503 2629 583 2666 Sed
610 2629 756 2665 eadem
782 2629 980 2666 certitudo
1006 2630 1072 2666 vel
1098 2630 1282 2675 aequalis
1305 2632 1394 2674 <est
1412 2633 1464 2668 ab
1485 2633 1630 2669 eadem
1651 2636 1810 2675 causa>

291 2746 305 2777 1
335 2744 521 2786 possibile]
549 2745 578 2776 A
605 2745 828 2785 impossibile
903 2745 1096 2785 quodlibet]
1131 2745 1164 2777 Β
1189 2748 1285 2787 quod
1309 2748 1378 2780 hoc
1449 2748 1582 2788 tamen]
1617 2748 1650 2781 Β
1674 2751 1811 2782 tantum

151 2800 170 2831 3
197 2799 266 2831 Sed
291 2797 375 2837 non]
403 2798 433 2829 B
457 2806 525 2831 nec
597 2799 616 2830 5
643 2797 760 2837 simul]
786 2799 817 2831 B
842 2798 1004 2831 similiter
1077 2799 1119 2831 15
1145 2799 1347 2839 veritatem]
1372 2801 1544 2834 unitatem
1623 2802 1665 2835 29
1692 2801 1740 2841 te]
1766 2803 1810 2835 de

151 2851 193 2884 31
220 2850 268 2890 te]
294 2851 338 2884 de
433 2851 476 2884 34
501 2850 738 2892 intelligibile]
763 2851 965 2893 intelligere

290 2967 302 2990 1
328 2969 398 3002 Cir.
424 2969 626 3008 Thomas,
665 2969 797 3008 Quodl.
823 2969 862 3008 X,
890 2970 955 3002 art.
982 2970 1000 3001 7
1029 2978 1073 3010 q.‚
1101 2970 1140 3008 4;
1174 2970 1227 3003 De
1249 2971 1453 3003 Humanae
1479 2971 1712 3012 cognitionis
1736 2972 1809 3005 Ra-

152 3022 261 3061 tione,
285 3021 342 3054 Ad
368 3021 493 3054 claras
517 3022 643 3062 Aquas
670 3022 776 3062 1883;
800 3023 970 3055 Bonav..
1000 3022 1064 3064 Op.
1094 3022 1199 3056 Omn.
1225 3023 1266 3062 V,
1293 3024 1358 3056 313
1384 3020 1594 3066 (Scholion).

289 3073 304 3096 2
328 3074 367 3114 II,
394 3075 413 3107 9
439 3073 510 3114 (PL
536 3075 591 3114 32,
619 3075 718 3114 1255,
744 3084 777 3107 n.
805 3074 873 3115 27).
1015 3074 1030 3096 ³
1055 3083 1083 3107 c.
1113 3076 1153 3107 13
1180 3074 1250 3114 (PL
1276 3076 1352 3116 158,
1380 3074 1472 3115 484).

1839 900 1901 934 sol.
1923 901 1992 934 23υ
2005 909 2029 934 α

1844 1248 1893 1284 Α.

1841 1310 1903 1343 fol.
1925 1311 1971 1344 23
1981 1314 1994 1334 ⁰
2008 1311 2027 1344 b
