2095 3459
123 1553 183 1584 fol.
207 1553 249 1584 28
260 1556 275 1574 Γ
288 1560 311 1583 α

337 215 400 251 114
840 214 1014 249 Johannis
1040 213 1204 249 Pechami
1233 213 1482 253 Quaestiones.

335 315 428 360 quia
453 314 556 360 ignis
584 314 648 350 ille
676 323 757 349 non
784 313 866 358 agit
893 313 1116 349 secundum
1142 313 1305 348 modum
1330 313 1512 355 naturae,
1540 313 1614 349 sed
1641 312 1863 348 secundum
1884 310 1991 357 quod

335 375 397 409 est
422 373 731 409 instrumentum
758 372 920 408 divinae
941 371 1129 407 iustitiae.
1180 371 1277 407 Item
1296 371 1442 407 falsum
1461 371 1661 417 supponit,
1689 371 1843 407 scilicet
1862 380 1990 416 agens

334 432 500 468 inferius
536 442 618 467 non
653 441 777 476 posse
812 440 936 476 agere
973 430 1088 466 caelo
1125 431 1269 466 stante.
1321 429 1424 470 Quia
1458 430 1601 467 dicitur
1626 431 1783 466 Josuae
1809 431 1861 471 10,
1882 431 1992 472 <13>:

335 491 564 534 „Steterunt
585 491 645 526 sol
668 491 707 526 et
726 490 822 526 luna
842 490 975 525 donec
995 489 1259 525 ulcisceretur
1279 498 1380 534 gens
1403 489 1452 525 de
1472 489 1644 525 inimicis
1666 489 1783 525 suis.“
1830 488 1990 529 Quaero

334 551 367 585 si
395 550 561 594 quilibet
587 550 689 585 ictus
715 548 838 594 gladii
865 548 952 584 erat
977 547 1275 583 miraculosus?
1325 548 1423 583 Item
1458 548 1590 583 motus
1624 557 1706 583 non
1739 548 1802 583 est
1827 548 1993 592 propter
2012 553 2027 578 5

333 610 494 651 motum,
534 608 607 644 sed
643 607 809 652 propter
845 606 1002 642 stellam
1039 606 1262 642 secundum
1294 606 1639 651 Philosophum
1654 609 1677 642 1.
1727 605 1857 641 Motus
1885 605 1992 641 enim

332 668 398 703 ille
427 668 490 703 est
516 676 640 703 causa
666 667 798 702 motus
825 665 1041 707 inferioris,
1069 665 1172 701 sicut
1199 665 1262 701 est
1287 674 1413 701 causa
1438 665 1558 706 vitae,
1584 665 1746 701 hoc-est
1765 674 1839 709 per
1855 664 1991 701 radios

332 726 568 762 influentiae
596 725 797 761 caelestis.
846 724 944 760 Item
971 724 1106 760 amma
1131 724 1252 760 modo
1279 734 1361 759 non
1388 724 1536 768 patitur
1562 733 1615 759 ex
1640 723 1802 759 actione
1822 723 1926 769 ignis
1953 723 1994 759 in

331 785 473 830 ipsam,
501 785 603 820 sicut
629 793 706 820 nec
731 783 888 829 gladius
915 783 997 828 agIt
1017 782 1057 818 in
1081 782 1221 827 ipsam,
1249 783 1322 818 sed
1343 782 1575 818 resistendo
1597 782 1778 827 corporis
1799 781 1992 827 passioni,

332 845 373 880 ut
394 843 489 880 dicit
508 843 827 889 Augustinus,
858 842 912 877 VI.
933 842 1117 877 Musicae.
1127 843 1151 876 2.
1179 841 1238 877 De
1259 842 1370 877 motu
1389 842 1526 877 autem
1547 840 1650 877 caeli
1669 840 1774 877 infra
1793 841 1991 886 tangetur.
2013 850 2045 875 10

469 902 569 938 Item
595 902 818 937 secundum
846 901 909 936 est
935 909 1162 942 erroneum,
1198 900 1292 945 quia
1318 900 1536 936 similitudo
1564 900 1711 936 coloris
1737 899 1928 944 recipitur
1952 899 1992 935 in

332 961 481 1006 pupilla
508 961 731 997 secundum
758 960 921 995 modum
946 959 1183 995 naturalem.
1233 958 1343 994 Idem
1370 958 1477 994 enim
1502 958 1725 994 immittitur
1750 958 1791 994 in
1826 967 1993 994 sensum

332 1022 371 1056 et
410 1020 665 1056 contrarium.
728 1018 845 1054 Unde
885 1027 1031 1063 corpus
1071 1018 1192 1053 modo
1238 1027 1290 1053 ex
1334 1017 1547 1053 influentia
1590 1017 1851 1062 multiplicata
1888 1017 1992 1062 ignis

331 1079 590 1115 consumitur.

468 1138 628 1173 Illorum
654 1137 773 1183 igitur
800 1145 1015 1181 corporum
1041 1135 1289 1180 incorruptio
1318 1144 1371 1171 ex
1398 1136 1569 1180 quatuor
1604 1135 1802 1179 provenit,
1838 1134 1993 1170 scilicet
2013 1144 2045 1168 15

332 1206 385 1233 ex
409 1197 545 1242 aliqua
571 1196 763 1241 qualitate
790 1196 841 1231 ad
868 1196 945 1231 hoc
971 1195 1227 1239 disponente,
1264 1194 1367 1230 sicut
1393 1194 1514 1230 docet
1545 1193 1867 1239 Augustinus,
1894 1192 1991 1228 XXI.

331 1256 388 1291 De
413 1256 577 1291 civitate
603 1265 688 1300 cap.
716 1256 784 1290 233
809 1264 883 1299 per
909 1254 1034 1289 multa
1061 1254 1260 1298 exempla,
1299 1253 1440 1289 dicens
1476 1253 1581 1288 inter
1615 1252 1704 1288 alia.
1757 1252 1889 1295 „Tunc
1924 1251 1990 1287 tali

331 1314 491 1360 corpori
516 1314 651 1350 anima
678 1323 727 1349 eo
755 1313 1010 1349 connectitur
1036 1312 1168 1353 modo,
1207 1312 1249 1348 ut
1274 1311 1450 1347 vinclum
1476 1311 1583 1353 illud,
1622 1311 1726 1347 sicut
1760 1311 1869 1347 nulla
1895 1311 1992 1346 tem-

330 1373 439 1418 poris
466 1372 717 1418 longitudine
744 1372 923 1412 solvitur,
962 1371 1017 1407 ita
1052 1371 1160 1407 nullo
1197 1371 1337 1407 dolore
1374 1371 1613 1416 rumpatur.“
1666 1370 1896 1406 Secundum
1929 1372 1992 1405 est

330 1432 424 1477 quia
450 1432 525 1468 erit
550 1431 780 1467 terminatio
807 1430 1010 1475 appetitus
1039 1430 1233 1466 materiae
1266 1429 1509 1465 universalis
1544 1438 1618 1474 per
1650 1429 1990 1473 complementum
2010 1436 2044 1461 21·

330 1490 520 1532 universi,
560 1491 653 1534 quia
679 1490 885 1534 quaelibet
909 1489 1040 1525 forma
1067 1489 1268 1533 completa
1294 1497 1469 1524 necesse
1498 1490 1571 1529 est,
1609 1488 1651 1523 ut
1683 1487 1886 1532 compleat
1911 1497 1991 1524 ma-

331 1549 472 1585 teriam
494 1559 619 1590 suam,
644 1559 732 1585 cum
753 1550 765 1590 Η
784 1548 884 1584 tanti
904 1548 1077 1584 ambitus
1100 1548 1151 1583 sit
1170 1548 1300 1583 forma
1319 1546 1483 1592 generis
1503 1546 1605 1583 sicut
1625 1546 1795 1582 materia
1813 1547 1990 1592 generis.

331 1618 380 1644 eo
408 1608 514 1653 quod
542 1608 674 1653 ipsum
700 1617 830 1653 genus
857 1607 1027 1652 primum
1055 1606 1310 1652 componitur
1345 1615 1399 1642 ex
1434 1605 1604 1642 materia
1635 1605 1764 1651 prima
1796 1607 1836 1641 et
1860 1605 1990 1641 forma

328 1667 489 1711 (prima.
538 1666 608 1708 Et>
643 1667 797 1702 certum
833 1667 895 1702 est
930 1666 1037 1710 quod
1077 1665 1358 1701 transmutatio
1397 1664 1592 1700 materiae
1631 1674 1712 1699 non
1749 1664 1812 1699 est
1847 1664 1990 1706 subita,

330 1726 403 1761 sed
430 1726 591 1769 oportet
623 1726 730 1770 quod
762 1725 988 1760 invalescat
1023 1734 1151 1770 agens
1189 1733 1311 1768 super
1343 1723 1564 1765 materiam,
1603 1722 1773 1759 materia
1808 1732 1988 1759 succum·
2009 1735 2042 1759 25

327 1785 462 1825 bente,
501 1784 604 1820 sicut
639 1783 831 1820 convenit
866 1783 905 1819 in
938 1783 1100 1819 actione
1126 1783 1230 1828 ignis
1257 1782 1297 1818 in
1324 1791 1440 1827 aqua.
1491 1781 1593 1822 Quia
1618 1781 1738 1827 igitur
1762 1782 1803 1817 in
1829 1781 1988 1818 inferno

328 1843 432 1888 ignis
460 1844 500 1878 et
526 1852 698 1887 corpora
725 1851 888 1887 semper
915 1843 1032 1877 erunt
1066 1842 1105 1877 In
1143 1842 1289 1877 eodem
1325 1841 1442 1882 stam,
1480 1840 1730 1885 impossibile
1770 1840 1843 1882 est,
1882 1840 1988 1884 quod

329 1902 395 1937 illa
421 1911 593 1946 corpora
613 1902 914 1937 consumantur.
952 1900 1130 1936 Tertium
1151 1900 1214 1936 est
1233 1900 1400 1944 propter
1420 1899 1751 1935 contrarietatem
1770 1899 1988 1945 agentium.

329 1961 551 1996 secundum
580 1970 738 1996 omnem
766 1961 922 2004 partem
949 1959 1095 1996 caloris
1124 1959 1280 1995 scilicet
1306 1960 1345 1995 et
1371 1958 1542 2004 frigoris.
1592 1958 1691 1994 Item
1718 1958 1859 2003 quarto
1887 1958 1989 1993 veri-

329 2019 458 2054 simile
496 2020 558 2054 est
593 2019 699 2063 quod
733 2019 821 2054 sola
854 2018 1065 2054 influentia
1091 2018 1251 2054 animae
1277 2016 1408 2053 aufert
1434 2026 1458 2053 a
1484 2026 1656 2061 corpore
1682 2017 1921 2062 gravitatem
1949 2017 1988 2052 et
2007 2028 2041 2053 30

328 2078 674 2116 terrestrietatem
702 2087 805 2122 quae
833 2078 1061 2123 repugnant
1087 2076 1254 2122 agilitati
1280 2077 1321 2113 et
1347 2076 1565 2112 subtilitati.

467 2137 690 2173 Dicendum
715 2137 834 2182 igitur
861 2137 967 2181 quod
992 2145 1165 2181 corpora
1184 2135 1251 2171 illa
1272 2136 1388 2171 erunt
1409 2134 1727 2179 incorruptibilia
1746 2135 1786 2170 et
1805 2134 1988 2179 impassi—

328 2195 423 2231 bilia
458 2205 511 2231 ex
546 2196 795 2240 quadruplici
830 2205 954 2232 causa
990 2196 1271 2236 concurrente,
1311 2194 1465 2230 scilicet
1491 2194 1554 2238 (1.)
1582 2193 1787 2229 efficiente
1823 2192 1909 2229 Deo
1946 2194 1987 2228 ut

329 2254 429 2290 viso.
468 2253 570 2295 Quia
589 2254 692 2290 visio
714 2255 789 2290 erit
808 2254 1121 2299 incorruptionis
1144 2253 1450 2289 consummatio.
1494 2253 1554 2288 De
1575 2253 1652 2288 hoc
1672 2252 1739 2288 Au
1748 2251 1985 2305 gustinus‚

329 2314 393 2349 Ad
417 2313 729 2349 Consentium4:
770 2314 936 2357 „Anima
962 2313 1002 2348 In
1035 2322 1206 2357 corpore
1239 2312 1402 2348 animali
1428 2312 1538 2353 vivit,
1577 2312 1650 2347 sed
1689 2320 1770 2347 non
1808 2310 1987 2346 vivificat
2005 2321 2038 2346 35

329 2381 457 2416 usque
483 2373 533 2408 ad
561 2372 823 2408 auferendam
846 2372 1146 2417 corruptionem
1155 2379 1163 2414 ;
1189 2371 1229 2407 in
1250 2380 1422 2416 corpore
1443 2380 1541 2406 vero
1564 2369 1770 2415 spirituali,
1797 2368 1984 2413 quoniam

328 2430 508 2475 perfecte
528 2432 757 2467 adhaerens
779 2431 962 2473 Domino,
989 2440 1092 2466 unus
1115 2430 1277 2475 spiritus
1298 2432 1361 2466 est
1371 2439 1395 2469 ³,
1423 2429 1481 2465 sic
1501 2428 1689 2469 vivificat,
1716 2429 1758 2464 ut
1778 2427 1984 2473 spirituale

328 2499 474 2534 corpus
502 2490 661 2531 efficiat,
688 2490 908 2525 absumens
937 2498 1097 2525 omnem
1125 2489 1436 2533 corruptionem,
1472 2488 1620 2524 nullam
1656 2488 1841 2522 metuens
1869 2496 1985 2530 sepa-

327 2549 558 2584 rationem.‘⁴

465 2607 528 2652 (2.)
554 2607 651 2643 Item
678 2616 730 2643 ex
757 2616 882 2643 causa
908 2606 1106 2642 materiali
1131 2607 1249 2642 erunt
1280 2606 1539 2651 impassibilia
1579 2606 1618 2641 et
1653 2603 1980 2649 Incorruptibilia.
2001 2614 2035 2638 40

327 2665 419 2710 quia
445 2675 468 2701 a
495 2675 666 2710 corpore
693 2666 855 2701 tolletur
882 2665 1012 2701 omniS
1038 2664 1277 2711 pugnacitas
1313 2665 1603 2700 contrariarum
1640 2662 1873 2707 qualitatum
1910 2670 1983 2706 per

326 2724 617 2769 quietationem
645 2724 915 2760 universalem
945 2724 1120 2760 omnIum
1150 2723 1453 2759 elementarium
1488 2722 1736 2767 appetituum
1773 2730 1845 2765 per
1877 2730 1982 2756 com-

464 2822 504 2853 13
532 2821 578 2861 et]
609 2821 645 2860 -l-
673 2822 708 2854 in
817 2822 859 2854 28
885 2820 1054 2860 Tertium]
1081 2821 1250 2857 Quartum
1359 2821 1401 2853 29
1430 2820 1569 2860 quarto}
1606 2828 1676 2860 quo
1783 2819 1825 2850 30
1853 2817 1981 2856 aufert}

326 2872 492 2907 auferunt
587 2875 629 2907 35
655 2873 795 2913 Anima]
822 2874 971 2907 Animae
1068 2874 1119 2905 38·
1136 2873 1312 2912 metuens]
1339 2882 1488 2905 movens

462 2968 473 2990 1
499 2969 628 3001 Locum
654 2977 724 3001 non
751 2969 881 3001 inveni.
1022 2967 1036 2989 ‘2
1063 2968 1151 3008 Cap.
1183 2967 1211 2999 V
1231 2965 1301 3006 (PL
1327 2968 1380 3005 32,
1410 2967 1495 2999 1167
1516 2965 1590 3005 ss.)

461 3020 476 3042 3
501 3022 552 3054 De
578 3022 650 3054 Civ.
677 3022 762 3061 XXI,
790 3022 809 3054 3
836 3020 905 3060 (PL
933 3022 986 3060 41,
1014 3021 1078 3053 710
1104 3029 1137 3053 n.
1166 3018 1210 3059 l),

459 3074 474 3096 4
500 3074 563 3115 Ep.
596 3076 657 3107 105
682 3073 787 3112 (alias
816 3073 895 3113 146)
921 3073 991 3111 (PL
1018 3074 1071 3113 33,
1099 3073 1164 3105 946
1190 3082 1221 3105 n.
1252 3070 1319 3112 11).
1461 3071 1476 3093 ⁵
1501 3072 1571 3104 Cfr.
1599 3072 1624 3104 I.
1653 3072 1734 3104 Cor.
1762 3071 1817 3110 VI,
1846 3072 1896 3103 17.
