2095 3459
103 1942 164 1976 sol.
185 1943 254 1975 37v
265 1951 288 1974 a

305 184 349 218 26
813 185 988 218 ὖοὴειιιηίε
1013 185 1183 217 Pechami
1211 185 1460 221 Quaestiones.

307 282 419 318 lanis
446 281 812 325 Quaestiom‘bus1:
838 281 1114 325 „Aristoteles
1141 281 1279 326 inquit,
1306 281 1362 317 ait
1388 291 1532 318 omnes
1559 280 1798 327 ingeniosos
1823 280 1972 316 melan-

307 341 486 377 cholicos
514 350 620 382 esse,
646 341 689 376 ut
716 350 792 386 ego
820 350 883 376 me
910 340 1132 376 tardiorem
1158 349 1254 376 esse
1281 350 1364 376 non
1389 340 1563 376 moleste
1588 339 1750 375 feram.“

446 401 499 435 11.
527 399 588 435 Ad
615 399 871 435 undecimum
899 399 1116 435 dicendum
1143 399 1252 444 quod
1277 399 1512 435 radicaliter
1543 398 1710 435 mutatio
1750 398 1827 439 illa,
1866 406 1972 443 quae

307 460 371 495 est
397 458 561 500 creatio,
588 467 715 494 causa
741 459 805 494 est
830 458 1009 494 omnium
1034 458 1204 494 aliarum
1230 458 1449 504 generalis.
1500 458 1581 494 Sed
1608 457 1702 502 quia
1721 466 1847 493 causa
1867 466 1974 492 com-

307 518 438 554 munis
465 518 516 554 ad
543 517 734 553 effectum
762 517 984 562 specialem
1010 527 1093 553 non
1119 517 1415 553 determinatur
1451 509 1531 553 nisi
1567 526 1642 562 per
1679 525 1845 552 causam
1884 525 1975 560 pro·
1993 523 2009 548 5

306 577 446 623 priam,
484 586 567 612 non
600 577 664 612 est
698 586 823 612 causa
849 576 989 612 mortis
1016 576 1095 612 nisi
1121 576 1328 612 mediante
1355 576 1654 621 compositione
1681 584 1735 611 ex
1761 574 1974 611 contrariis

306 635 604 672 resolubilibus.
656 634 768 677 Quia,
796 635 899 671 sicut
925 635 1021 672 dicit
1046 635 1317 680 Dionysius
1332 637 1357 677 2,
1384 644 1493 671 mors
1520 645 1604 671 non
1631 635 1694 671 est
1720 634 1973 670 substantiae

307 694 574 739 consumptio,
602 695 676 731 sed
702 694 930 731 vinctorum
956 695 1160 731 discretio.

447 754 500 789 12.
528 753 588 790 Ad
616 753 901 789 duodecimum
929 753 1146 789 dicendum
1167 754 1315 790 eodem
1335 754 1469 789 modo.
1507 753 1625 789 Unde
1648 752 1755 789 enim
1776 762 1830 788 ex
1850 751 1974 788 nihilo

307 813 430 849 habet
449 812 619 858 primam
639 812 915 854 mutationem,
944 814 984 848 et
1010 822 1063 848 ex
1090 822 1139 848 eo
1166 813 1256 857 ipso
1283 813 1391 857 quod
1412 822 1495 848 non
1514 813 1578 848 est
1596 811 1779 857 perfecte
1801 811 1975 856 simplex
1997 825 2027 850 10

308 873 459 909 habere
486 872 623 917 potest
648 872 820 908 tertiam.
871 872 1103 908 Secundam
1128 873 1266 908 autem
1291 873 1444 908 habere
1472 881 1555 907 non
1581 872 1735 916 posset,
1765 871 1844 907 nisi
1869 880 1976 907 com-

306 933 529 977 poneretur
555 941 609 968 ex
635 931 859 968 contrariis.

448 992 501 1027 13.
528 990 589 1027 Ad
616 990 818 1027 decimum
844 990 1006 1027 tertium
1033 990 1249 1026 dicendum
1276 990 1384 1035 quod
1412 991 1476 1026 est
1512 990 1643 1026 forma
1681 989 1864 1035 corporis
1902 998 1976 1034 per

308 1050 531 1086 essentiam
568 1051 611 1086 ut
648 1050 946 1094 imprimentem
986 1049 1194 1085 essentiae
1234 1050 1276 1085 ut
1307 1050 1561 1094 impressam.
1612 1048 1711 1085 Cum
1738 1058 1836 1094 ergo
1863 1048 1974 1084 dicit:

309 1108 434 1155 „Ergo
462 1118 553 1145 cum
579 1110 717 1145 cessat
743 1119 838 1145 esse
864 1109 995 1145 forma
1033 1110 1130 1145 etc.“
1171 1129 1214 1133 —
1253 1110 1495 1154 sequeretur
1533 1108 1707 1153 quidem,
1746 1108 1780 1144 si
1817 1117 1891 1153 per
1929 1117 1974 1144 se
1996 1125 2028 1151 15

309 1170 507 1205 cessaret..
551 1168 664 1204 Tunc
689 1169 825 1204 autem
852 1169 990 1204 cessat
1015 1177 1089 1212 per
1114 1168 1319 1209 accidens,
1346 1177 1420 1213 per
1445 1167 1650 1204 defectum
1678 1167 1872 1212 corporis,
1898 1177 1976 1204 nec

309 1228 446 1264 cessat
471 1227 619 1269 habitu,
656 1227 730 1263 sed
765 1228 858 1263 actu
885 1228 1051 1263 tantum.
1103 1227 1219 1268 Quod
1246 1227 1390 1263 mirlim
1417 1228 1480 1263 est
1506 1226 1772 1272 philosophos
1800 1237 1882 1263 non
1909 1227 1977 1263 ad-

308 1286 495 1323 vertisse.
546 1286 718 1327 Quidam
743 1287 879 1322 autem
905 1287 1170 1323 advertentes
1197 1287 1409 1331 ponebant
1434 1285 1591 1322 animas
1613 1285 1897 1322 defunctorum
1924 1295 1977 1322 ex

307 1346 385 1382 hoc
410 1345 580 1382 forsitan
606 1345 647 1381 in
672 1345 752 1381 alia
776 1345 928 1381 resolvi
959 1355 1142 1390 corpora.

448 1406 501 1440 14.
527 1404 589 1440 Ad
627 1404 829 1440 decimum
867 1405 1052 1450 quartum
1090 1405 1307 1441 dicendum
1346 1405 1453 1449 quod
1495 1405 1619 1441 habet
1656 1404 1896 1441 infinitatem
1934 1404 1976 1440 in
1995 1420 2029 1445 20

308 1464 491 1509 potentia
516 1463 753 1500 durationis.
801 1463 849 1499 Et
885 1464 991 1500 hanc
1028 1464 1152 1500 habet
1183 1473 1208 1500 a
1234 1463 1322 1500 Deo
1360 1464 1403 1499 ut
1440 1473 1567 1500 causa
1606 1463 1829 1506 efficiente;
1867 1473 1892 1499 a
1930 1473 1975 1499 se

308 1524 444 1559 autem
471 1532 523 1559 ex
550 1532 675 1558 causa
700 1523 900 1559 materiali
927 1524 966 1559 et
991 1523 1161 1559 formali.
1201 1523 1315 1563 Quae
1341 1523 1572 1559 nullatenus
1593 1523 1644 1559 ad
1665 1523 1976 1559 dissolutionem

309 1582 527 1623 ordinatur,
554 1592 636 1618 non
665 1583 727 1618 est
748 1582 1019 1627 corruptibilis
1040 1592 1065 1618 a
1086 1592 1142 1618 se.
1170 1581 1440 1627 Corruptibile
1461 1582 1625 1627 quidem
1642 1582 1806 1627 proprie
1827 1582 1976 1618 dictum

309 1642 381 1677 est.
430 1640 477 1677 Et
503 1641 672 1677 mortale
700 1642 925 1677 secundum
950 1651 1081 1687 genus
1121 1641 1256 1686 aliquo
1296 1642 1417 1677 modo
1453 1641 1588 1677 differt
1626 1642 1677 1677 ab
1716 1641 1975 1686 corruptibili.

309 1701 389 1737 Sed
416 1700 551 1736 anima
576 1700 761 1745 quamvis
787 1701 984 1737 vertibilis
1012 1701 1073 1742 sit,
1100 1711 1182 1737 non
1209 1702 1346 1737 tamen
1374 1702 1437 1737 est
1464 1701 1745 1746 corruptibilis,
1773 1701 1868 1746 quia
1892 1710 1975 1736 non
1995 1716 2028 1741 25

309 1760 371 1795 est
397 1760 436 1795 in
463 1759 571 1795 aliud
598 1759 799 1795 mutabilis
827 1769 904 1796 nec
929 1760 1161 1796 resolubilis
1189 1760 1228 1796 in
1256 1760 1465 1805 principia.

447 1820 500 1854 15.
539 1818 601 1854 Ad
636 1818 837 1855 decimum
863 1819 1045 1864 quintum
1072 1819 1289 1856 dicendum
1315 1820 1423 1864 quod
1450 1820 1596 1864 probat
1621 1819 1974 1865 Philosophus

308 1877 386 1914 hoc
412 1878 553 1914 contra
579 1879 779 1914 motorem
804 1878 985 1923 primum,
1012 1879 1063 1914 de
1090 1878 1198 1914 nullo
1225 1878 1304 1914 alio
1332 1879 1442 1914 motu
1469 1879 1604 1924 aliquo
1632 1879 1765 1915 modo.
1808 1878 1856 1914 Et
1880 1878 1974 1915 ideo

308 1937 415 1973 bene
442 1936 622 1981 sequitur
648 1937 698 1972 de
724 1937 813 1981 ipso
823 1945 831 1979 ;
858 1947 940 1973 non
967 1938 1149 1978 <autem>
1177 1939 1240 1973 est
1265 1938 1316 1974 de
1335 1940 1348 1980 Η
1366 1937 1512 1974 anima.

449 1996 501 2031 16.
527 1995 588 2031 Ad
604 1995 804 2031 decimum
819 1997 981 2034 sextum
995 1996 1211 2032 dicendum
1225 1996 1276 2032 de
1291 1996 1467 2042 imagine
1482 1996 1749 2033 recreationis
1765 1998 1873 2042 quod
1892 2007 1973 2033 non
1994 2012 2027 2036 30

310 2054 450 2095 simile,
477 2054 571 2099 quia
595 2054 728 2100 imago
754 2054 980 2091 iterationis
1007 2055 1101 2091 ideo
1129 2056 1192 2091 est
1218 2055 1500 2100 corruptibilis,
1528 2056 1623 2101 quia
1649 2056 1772 2092 estin
1792 2056 1976 2101 potentia

310 2113 482 2149 vertibili
497 2113 652 2149 scilicet
665 2113 793 2149 libero
808 2114 991 2157 arbitrio;
1012 2114 1146 2160 imago
1168 2116 1304 2151 autem
1325 2115 1544 2151 creationis
1565 2115 1605 2151 in
1628 2124 1723 2151 esse
1744 2115 1974 2152 invertibili.

449 2174 502 2208 17.
528 2172 589 2208 Ad
616 2172 817 2208 decimum
854 2173 1071 2218 septimum
1108 2173 1325 2210 dicendum
1362 2174 1470 2219 quod
1509 2175 1717 2211 destructo
1755 2175 1975 2220 posteriori

310 2231 526 2276 aliquando
553 2231 594 2267 in
619 2232 742 2267 rebus
769 2231 956 2268 animatis
985 2232 1204 2268 destruitur
1224 2233 1346 2277 prius.
1396 2232 1515 2270 Unde
1554 2233 1672 2270 simul
1707 2235 1846 2270 cessat
1878 2243 1973 2270 esse

309 2290 457 2326 animal
485 2291 525 2325 et
550 2300 691 2335 equus.
740 2290 827 2326 Hoc
851 2291 989 2327 tamen
1016 2292 1079 2327 est
1104 2301 1177 2336 per
1203 2292 1396 2328 accidens
1416 2292 1576 2329 ratione
1596 2293 1804 2334 materiae,
1832 2294 1873 2329 et
1890 2303 1973 2329 non
1993 2305 2027 2331 35

311 2358 382 2393 per
408 2358 464 2385 se.
514 2349 597 2385 Nec
623 2350 760 2385 tamen
778 2350 902 2386 habet
921 2350 1135 2386 veritatem
1155 2351 1206 2387 de
1227 2351 1328 2392 aliis,
1356 2351 1460 2387 sicut
1479 2352 1602 2396 patet,
1631 2353 1671 2388 et
1694 2351 1787 2388 ideo
1808 2353 1975 2398 propter

309 2408 386 2443 hoc
413 2409 549 2444 cessat
575 2418 670 2444 esse
698 2418 859 2454 corpus.
896 2408 1121 2445 Veritatem
1148 2419 1245 2455 ergo
1267 2410 1391 2447 habet
1409 2410 1449 2446 in
1469 2410 1663 2456 gradibus
1684 2411 1793 2447 vitae
1814 2412 1975 2447 natura-

308 2466 398 2502 liter
418 2467 612 2503 ordinatis
635 2468 860 2504 secundum·
880 2468 1067 2513 superius
1088 2469 1130 2505 et
1149 2469 1329 2505 inferius.
1364 2469 1480 2510 Quod
1501 2479 1584 2506 non
1606 2471 1670 2506 est
1689 2470 1729 2506 in
1749 2470 1972 2515 proposito.

449 2527 500 2562 18.
527 2526 589 2562 Ad
627 2527 1003 2563 duodevicesimum
1040 2527 1257 2564 dicendum
1294 2529 1402 2573 quod
1441 2529 1673 2574 spirituales
1719 2529 1972 2572 substantiae

309 2585 590 2630 corruptibiles
617 2595 699 2621 non
726 2586 820 2622 sunt
844 2586 1007 2631 proprie
1033 2586 1073 2622 in
1100 2596 1254 2633 genere
1281 2587 1535 2623 substantiae
1563 2587 1793 2633 spiritualis,
1822 2589 1862 2624 ut
1888 2588 1968 2624 dic-
1991 2598 2026 2624 40

309 2645 393 2680 tum
419 2644 482 2680 est
507 2644 547 2680 in
573 2645 836 2689 praecedenti
863 2645 1106 2691 quaestione
1121 2648 1145 2681 3.

448 2731 489 2763 24
516 2731 750 2772 corruptibili]
770 2732 1030 2773 incorruptibili
1102 2733 1144 2764 28
1164 2732 1273 2771 motu]
1294 2734 1426 2765 motum
1500 2734 1542 2766 29
1564 2733 1620 2772 del
1645 2733 1680 2771 ἦ-
1706 2735 1749 2766 de
1822 2735 1865 2766 30
1886 2735 1972 2767 ima-

308 2784 403 2825 gine]
425 2784 680 2826 imaginatione
753 2786 795 2817 34
817 2785 1066 2825 aliquando—-
1081 2785 1193 2826 prius]
1215 2786 1409 2826 aliquando
1430 2786 1626 2819 destruitur
1644 2787 1754 2827 prius,
1777 2787 1971 2828 aliquando

308 2840 343 2871 in
369 2838 476 2870 rebus
502 2838 667 2870 animatis
751 2838 885 2871 36-—37
913 2839 948 2870 et
972 2838 1054 2871 ideo
1080 2840 1230 2879 propter
1253 2838 1334 2878 hoc]
1361 2839 1468 2872 etiam
1494 2848 1560 2880 per
1584 2839 1710 2879 hoc(‘?)

447 2918 459 2941 ¹
489 2921 588 2953 Tusc.
615 2921 717 2962 Disp.
744 2921 767 2960 Ι,
794 2922 854 2961 33;
880 2921 1029 2961 Arist,
1055 2921 1243 2954 Problem:
1261 2922 1363 2961 XXX,
1392 2923 1421 2955 1.

446 2972 461 2994 2
486 2973 616 3006 Eccles.
643 2974 791 3006 Hierar.
818 2974 846 3006 ΙΙ
872 2973 942 3014 (PL
969 2975 1045 3014 122,
1073 2973 1188 3014 1079).
1233 2975 1304 3007 Cir.
1332 2975 1507 3015 Cicero,
1538 2976 1638 3008 Tusc.
1665 2976 1767 3017 Disp.
1794 2976 1817 3015 Ι,
1846 2977 1899 3009 29.

445 3024 460 3046 3
484 3026 574 3058 Vide
600 3036 712 3067 supra
736 3036 769 3067 p.
792 3028 811 3060 9
830 3036 862 3059 n.
883 3028 901 3059 8
929 3028 964 3059 et
988 3028 1052 3059 cfr.
1071 3026 1124 3059 De
1140 3027 1233 3060 Eccl.
1254 3028 1384 3068 Doym.
1405 3037 1434 3061 c.
1452 3030 1492 3061 17
1514 3027 1584 3068 (PL
1605 3029 1657 3068 58,
1677 3028 1768 3068 984).
1797 3029 1969 3068 „Animae

308 3078 512 3111 animalium
538 3088 609 3112 non
634 3080 717 3112 sunt
742 3079 998 3113 substantiae“.
1049 3080 1138 3112 Vide
1163 3080 1299 3113 ibidem
1327 3081 1411 3113 1021
1440 3080 1484 3121 (c.
1513 3081 1581 3121 17).
