2095 3459
866 194 1037 229 Quaestio
1065 193 1104 224 V.
1781 194 1819 225 (51

292 289 323 323 2.
363 287 460 324 Item
500 288 823 333 Augustinus,
865 289 921 325 De
961 289 1162 325 Trinilate
1197 289 1241 330 X,
1279 299 1364 335 cap.
1398 289 1475 326 V¹:
1516 289 1657 333 „Videt
1693 291 1828 326 anima

153 347 354 392 quaedam
381 348 628 384 intrinsecus
657 349 823 392 pulchra
861 349 899 384 in
938 349 1225 393 praestantiori
1265 351 1418 388 natura.
1458 359 1562 394 quae
1590 349 1700 385 Deus
1729 352 1824 386 est“.

289 407 321 442 3.
348 406 448 443 Item
477 407 534 444 De
564 408 765 444 Trinitate
791 408 852 449 IX,
881 417 966 453 cap.
987 411 1106 449 le1²1
1136 409 1271 451 „Voca
1298 409 1530 453 operari0s“
1559 409 1826 455 intelligentia
1847 407 1907 438 sol·
1932 407 2034 439 ‘24⁹'OE

153 468 293 501 creata
320 466 463 502 unitati
489 467 699 503 increatae
728 468 842 503 dicit:
883 467 963 509 „De
991 468 1079 503 istis
1116 469 1341 504 secundum
1376 469 1483 504 illam
1522 469 1745 505 iudicamus
1785 472 1823 505 et

117 527 132 551 -3
152 525 259 561 illam
287 526 490 561 cernimus
518 526 728 562 rationalis
756 527 903 562 mentis
930 527 1106 562 intuitu.“

291 586 323 620 4.
345 584 442 621 Item
464 585 523 621 De
550 586 751 621 Τι’ῖηῖίαῖρ
770 585 849 626 XII,
871 595 956 630 cap.
978 586 1052 621 11³:
1082 586 1218 627 „Ratio
1240 586 1389 622 iudicat
1408 588 1458 622 de
1485 587 1573 622 istis
1601 587 1822 623 secundum

150 644 334 680 rationes
362 644 645 689 incorporales
674 645 959 689 sempiternas,
998 655 1103 690 quae
1140 646 1217 681 nisi
1254 655 1376 690 supra
1402 648 1580 682 mentem
1607 647 1820 682 humanam

152 704 305 744 essent,
332 703 686 740 incommutabiles
714 714 795 740 non
824 706 999 740 essent.“

291 762 408 798 Dicet
428 762 585 807 aliquis.
614 764 721 807 quod
741 763 843 798 istas
863 757 1045 798 rationes
1066 765 1188 799 vocat
1206 765 1456 805 aeterna<s>.
1484 764 1577 808 quia
1596 764 1822 809 impressae

101 828 133 853 10
154 822 247 857 sunt
273 831 297 858 a
323 822 550 858 rationibus
577 822 770 860 aeternis,
798 831 967 866 quarum
988 822 1277 858 similitudines
1305 827 1408 863 sunt,
1437 824 1476 858 et
1500 824 1576 859 hoc
1604 824 1667 859 est
1687 824 1821 859 lumen

152 882 343 917 creatum.

292 940 461 977 Contra:
488 940 792 986 Augustinus
820 940 961 976 dicit4:
991 940 1111 983 „Illud
1131 941 1267 977 lumen
1290 943 1353 976 est
1373 951 1506 982 unum,
1534 951 1616 977 non
1638 952 1822 978 numera-

151 1002 233 1036 tum
256 1000 296 1036 in
318 1000 518 1039 omnibus,
541 1002 580 1036 et
601 1000 784 1035 nominat
804 999 935 1044 ipsum
957 999 1098 1039 Deum,
1126 1000 1230 1035 sicut
1256 1001 1368 1044 patet
1388 1001 1428 1035 in
1448 1000 1667 1045 praedictis
1687 1002 1822 1037 aucto-

150 1059 335 1095 ritatibus
361 1062 402 1095 et
426 1059 648 1104 praecipue
676 1059 820 1095 dicitur
848 1059 1030 1094 secundo
1058 1059 1116 1094 De
1138 1059 1283 1094 Libero
1309 1059 1539 1095 Arbitrio&
1568 1059 1703 1103 „Hanc
1724 1070 1820 1106 ergo

100 1125 132 1150 15
150 1119 360 1159 unitatem,
387 1118 438 1155 de
460 1128 540 1163 qua
559 1118 713 1154 tamdiu
738 1118 951 1163 loquimur,
979 1118 1020 1153 in
1048 1127 1128 1162 qua
1154 1118 1278 1154 multa
1305 1119 1590 1163 conspicimus,
1619 1119 1822 1155 excellen-

151 1178 297 1215 tiorem
323 1180 443 1223 putas
472 1187 567 1214 esse
595 1187 717 1222 quam
743 1178 886 1213 nostra
916 1186 1034 1213 mens
1069 1178 1132 1213 est
1167 1178 1236 1213 aut
1273 1177 1488 1222 aequalem
1522 1178 1726 1214 mentibus
1753 1180 1822 1214 aut

150 1236 419 1274 inferiorem?
464 1237 546 1274 Sed
573 1237 606 1272 si
633 1238 794 1279 <esset>
820 1236 998 1278 inferior,
1037 1246 1121 1272 non
1147 1237 1372 1272 secundum
1403 1237 1522 1278 illam,
1562 1237 1636 1273 sed
1670 1238 1720 1273 de
1755 1237 1822 1273 illa

151 1296 437 1333 iudicaremus.
488 1296 530 1333 Si
564 1298 701 1332 autem
738 1297 851 1332 esset
885 1296 1068 1340 aequalis
1094 1296 1298 1331 mentibus
1326 1295 1489 1337 nostris,
1518 1296 1720 1332 mutabilis
1748 1299 1819 1332 est.

150 1356 294 1392 Restat
320 1365 417 1402 ergo
446 1357 488 1392 ut
515 1356 566 1392 sit
592 1355 778 1400 superior
804 1356 926 1400 atque
964 1355 1241 1391 excellentior.
1290 1354 1395 1391 Ecce
1433 1355 1520 1400 ipsa
1562 1356 1624 1391 est
1658 1356 1819 1391 veritas.

98 1421 132 1447 20
151 1415 412 1460 Amplectere
449 1425 550 1457 eam,
588 1415 623 1451 si
656 1416 776 1460 potes
814 1416 855 1450 et
886 1414 926 1450 in
958 1415 1037 1450 ista
1063 1415 1270 1450 delectare
1297 1414 1338 1450 in
1364 1414 1571 1451 Domin0.“
1621 1414 1725 1460 Ergo
1751 1415 1820 1450 lux
1860 1426 1861 1441 1

150 1475 254 1511 haec
280 1474 391 1511 Deus
419 1476 492 1511 est.
542 1474 660 1510 Unde
683 1476 830 1519 supraG
856 1474 1070 1519 proposuit
1097 1483 1170 1519 pro
1201 1474 1324 1516 ha<c>
1350 1482 1414 1510 re:
1443 1474 1508 1517 „Si
1527 1474 1676 1518 aliquid
1698 1483 1821 1518 super

151 1534 330 1570 mentem
358 1535 431 1576 est,
457 1534 553 1570 illud
579 1533 718 1579 utique
744 1533 876 1569 Deum
902 1536 1030 1569 esse.“

289 1595 321 1629 5.
348 1592 458 1635 Item,
487 1593 521 1629 si
545 1593 648 1629 ratio
677 1596 740 1629 est
766 1594 916 1633 creata,
944 1593 1170 1628 secundum
1196 1602 1316 1637 quam
1344 1592 1543 1628 iudicatur
1571 1602 1675 1634 esse,
1718 1593 1820 1628 sicut

151 1653 284 1694 debet,
312 1662 466 1697 quaero
488 1653 539 1688 de
560 1652 719 1688 ratione
740 1652 838 1688 ista:
866 1650 991 1692 Quae,
1018 1661 1091 1696 per
1118 1661 1239 1696 quam
1265 1651 1344 1687 alia
1371 1651 1529 1687 videtur
1555 1661 1651 1688 esse
1676 1650 1819 1687 recta?

98 1722 131 1748 25
151 1711 231 1748 Aut
251 1711 359 1748 enim
379 1721 454 1756 per
475 1721 520 1747 se
543 1712 606 1747 est
624 1714 739 1747 recta
757 1732 802 1736 -—
824 1713 863 1747 et
883 1712 979 1746 tunc
998 1710 1198 1754 increata,
1218 1712 1287 1747 aut
1307 1720 1360 1746 ex
1378 1711 1457 1747 alio
1473 1711 1632 1747 videtur
1650 1712 1821 1747 recta——

152 1771 192 1807 et
216 1771 313 1807 tunc
338 1772 407 1807 aut
432 1770 553 1806 ibitur
578 1770 620 1806 in
645 1769 857 1811 infinitum,
895 1772 964 1805 aut
989 1769 1254 1814 pervenietur
1279 1770 1321 1805 at
1345 1769 1516 1814 primam
1542 1770 1582 1806 et
1607 1770 1817 1806 aeternam

151 1830 363 1871 rationem,
389 1839 464 1875 per
490 1839 611 1875 quam
638 1831 678 1866 et
703 1829 744 1865 in
771 1839 851 1874 qua
877 1829 1008 1865 omnis
1034 1828 1234 1865 rectitudo
1260 1828 1430 1865 videtur.

289 1890 321 1925 6.
347 1889 447 1925 Item
473 1889 791 1925 Confessionum
816 1888 928 1924 XII⁷:
971 1888 1035 1932 „Si
1060 1889 1180 1924 ambo
1207 1888 1393 1924 videmus
1421 1897 1516 1924 esse
1541 1897 1683 1924 verum
1710 1888 1817 1932 quod
1864 1882 1871 1931 l,

152 1949 264 1994 dicis,
291 1949 331 1985 et
356 1949 477 1985 ambo
504 1948 691 1984 videmus
717 1957 861 1984 verum
896 1957 991 1984 esse
1027 1948 1135 1992 quod
1163 1947 1264 1989 dico,
1303 1947 1371 1983 ubi
1408 1956 1563 1992 quaeso
1602 1945 1817 1983 videmus?
1869 1936 1871 1955 ³

98 2019 132 2043 30
150 2008 235 2044 Nec
262 2018 339 2054 ego
365 2007 406 2043 in
432 2009 484 2050 te,
512 2017 589 2043 nec
614 2009 657 2043 tu
682 2007 723 2043 in
749 2016 827 2047 me,
855 2007 929 2043 sed
954 2007 1075 2043 ambo
1101 2007 1142 2042 in
1168 2007 1235 2043 illa
1262 2015 1366 2051 quae
1394 2016 1517 2051 super
1536 2016 1624 2046 nos,
1650 2005 1690 2041 in
1711 2015 1817 2041 com-

150 2067 262 2103 muni
286 2067 493 2103 veritate.“

290 2127 321 2162 7.
358 2126 459 2162 Item
493 2126 796 2162 Anselmus⁸t
837 2125 1021 2169 „Veritas
1058 2126 1121 2161 est
1146 2125 1346 2161 rectitudo
1374 2125 1463 2161 sola
1487 2125 1625 2160 mente
1650 2132 1816 2169 percep-

150 2186 303 2222 tibilis.“
356 2186 436 2222 Sed
456 2189 587 2228 <n0n>
606 2185 869 2231 cognoscitur
897 2184 1232 2221 certitudinaliter
1262 2194 1357 2220 esse
1377 2193 1529 2225 verum,
1559 2183 1638 2219 nisi
1667 2183 1816 2219 exami-

151 2246 270 2281 netur
289 2246 340 2281 ad
359 2245 544 2291 regulam
568 2244 829 2280 infallibilem.
867 2244 979 2280 Haec
1005 2245 1143 2279 autem
1169 2244 1233 2279 est
1258 2243 1345 2279 sola
1369 2243 1439 2278 lux
1464 2242 1814 2279 incommutabilis.

98 2313 133 2339 35
149 2303 255 2350 Ergo
282 2305 356 2340 etc.

288 2363 412 2405 <Item
449 2362 803 2408 Augustinus>,
847 2362 905 2397 De
950 2361 1051 2397 Vera
1087 2361 1306 2405 Reliyione
1342 2360 1453 2396 VII9:
1499 2359 1623 2403 „Quid
1662 2359 1816 2405 appetit

151 2422 364 2458 curiositas
403 2422 482 2458 nisi
519 2421 805 2467 cognitionem.
869 2420 982 2461 Quae
1028 2421 1141 2456 certa
1179 2429 1273 2456 esse
1311 2429 1393 2455 non
1431 2420 1568 2464 potest
1605 2428 1700 2454 esse
1738 2418 1840 2474 nisi?

151 2482 413 2518 aeternarum
437 2481 504 2517 vel
531 2481 678 2517 eodem
703 2479 825 2516 modo
853 2489 899 2515 se
925 2479 1161 2515 habentium
1188 2480 1383 2523 semper.“
1836 2475 1838 2483 “

289 2541 322 2577 8.
359 2540 461 2576 Item
496 2539 774 2580 Anselmus,
813 2539 872 2575 De
913 2539 1147 2575 Veritatem:
1188 2537 1370 2581 „Veritas
1407 2538 1471 2573 est
1501 2537 1543 2573 in
1569 2536 1814 2578 omni<bus>‚

99 2609 133 2634 40
153 2609 259 2645 quae
286 2600 380 2636 sunt
405 2599 445 2635 in
473 2598 665 2635 essentia.
717 2597 831 2638 Quae
857 2599 960 2634 haec
987 2598 1090 2639 sunt,
1118 2597 1213 2642 quia
1238 2596 1279 2632 in
1306 2605 1463 2632 summa
1487 2595 1660 2632 veritate
1687 2596 1812 2631 sunt.“

291 2698 309 2730 1
325 2696 378 2737 X]
397 2697 444 2730 IV
516 2698 535 2730 3
561 2696 620 2736 VI]
640 2696 701 2729 VII
772 2697 792 2729 6
818 2693 925 2736 ratio}
944 2696 1104 2728 rationes
1178 2696 1196 2728 7
1223 2693 1427 2733 humanam]
1451 2694 1610 2726 habitam
1684 2692 1725 2725 12
1751 2701 1814 2725 nu-

150 2750 338 2791 meratum]
350 2751 550 2784 increatum
610 2750 653 2783 20
673 2749 721 2789 in]
736 2750 814 2782 sine
875 2749 917 2782 29
937 2746 1041 2789 dicis]
1055 2749 1140 2781 dicit
1199 2748 1242 2781 37
1263 2746 1485 2786 certalcirca
1545 2747 1587 2779 40
1609 2745 1704 2786 quia)
1720 2745 1813 2786 quod

290 2843 303 2867 1
328 2846 368 2885 X,
396 2846 415 2878 5
441 2844 513 2885 (PL
537 2845 591 2884 42,
618 2845 684 2877 977
709 2853 743 2876 n.
771 2840 817 2886 7).
958 2842 974 2865 2
998 2843 1053 2882 IX,
1081 2843 1100 2875 6
1126 2841 1198 2881 (PL
1223 2842 1277 2881 42,
1301 2842 1366 2874 967
1392 2851 1425 2873 n.
1453 2836 1522 2883 11).

290 2897 306 2920 3
329 2898 400 2938 XII,
415 2898 434 2930 2
449 2897 521 2938 (PL
535 2898 589 2937 42,
604 2898 670 2930 999
684 2906 718 2930 n.
734 2895 780 2936 2).
886 2895 901 2917 4
927 2895 980 2928 De
997 2896 1071 2928 Lib.
1087 2895 1173 2928 Arb.
1194 2895 1233 2934 ΙΙ,
1248 2895 1267 2927 9
1288 2903 1392 2934 seqq.
1419 2891 1495 2935 (PL-
1509 2893 1562 2933 32,
1579 2893 1667 2925 1255
1682 2890 1812 2932 seqq.)

290 2950 304 2973 5
329 2951 368 2991 ΙΙ,
396 2951 436 2983 12
464 2948 502 2993 (l.
531 2960 558 2983 e.
586 2950 673 2982 1259
699 2959 732 2983 n.
760 2948 829 2990 34).
969 2948 984 2970 6
1008 2948 1046 2988 II,
1074 2949 1094 2981 6
1120 2946 1158 2987 (l.
1185 2957 1212 2980 c.
1240 2947 1328 2979 1248
1353 2956 1387 2979 n.
1415 2945 1483 2985 14).

291 3002 305 3026 ⁷
330 3004 400 3044 XII,
427 3004 471 3036 25
496 3003 568 3043 (PL
593 3003 647 3042 32,
675 3003 741 3035 840
767 3011 800 3035 n.
827 3001 897 3042 35).
1039 3000 1054 3022 8
1079 3000 1133 3033 De
1163 3000 1319 3033 Veritate
1343 3008 1372 3033 c.
1400 3000 1440 3031 11
1468 2997 1539 3038 (PL
1565 2998 1641 3037 158,
1669 2996 1760 3036 480).

291 3056 305 3078 ⁹
330 3065 359 3090 c.
388 3057 429 3089 52
455 3053 527 3100 (PL
552 3056 606 3097 34,
635 3053 699 3089 167
724 3065 757 3088 n.
787 3054 877 3095 101).
1020 3053 1049 3075 ¹0
1074 3063 1102 3087 c.
1131 3055 1149 3086 7
1176 3052 1246 3092 (PL
1274 3053 1348 3091 158,
1373 3051 1465 3092 475).
