2095 3459
313 222 379 259 124
823 224 999 257 <Iohannis
1024 224 1193 256 Pechami
1220 224 1471 261 Quaestiones.

450 323 482 358 9.
508 321 608 359 Item
634 330 762 366 vapor
783 320 868 357 exit
887 321 938 357 de
958 320 1160 366 profundo
1180 330 1312 366 aquae
1335 321 1375 357 et
1396 321 1459 357 est
1480 320 1597 357 simul
1619 330 1709 357 cum
1729 330 1836 365 aqua
1854 330 1984 366 usque

313 390 392 427 quo
420 380 627 427 egreditur
654 380 741 416 eius
769 379 1042 425 superficiem.

452 439 506 475 10.
532 439 632 475 Item
657 440 806 475 ventus
832 438 993 475 videtur
1020 448 1116 474 esse
1144 438 1261 474 simul
1288 448 1380 474 cum
1405 447 1515 475 aere.

453 500 507 534 11.
533 498 633 534 Item
659 497 872 534 miscibilia
908 498 1002 533 sunt
1037 497 1155 533 simul
1191 506 1283 534 cum
1319 496 1458 533 mixto.
1508 496 1555 533 Et
1593 498 1687 533 sunt
1724 497 1764 533 in
1803 496 1987 542 potentia

312 556 566 593 accidentali.
615 556 719 602 Ergo
748 558 842 593 sunt
867 556 922 593 ibi
947 556 988 592 in
1016 556 1209 593 essentiis
1238 556 1322 592 suis
1350 556 1391 598 et
1423 556 1551 592 simul.
1601 555 1742 592 Mixtio
1779 555 1888 592 enim
1924 556 1987 592 est
2006 562 2022 587 5

312 616 576 653 alteratorum
602 616 859 652 miscibilium
884 616 980 652 unio
994 618 1017 651 1.

452 675 506 711 12.
532 674 632 711 Item
656 675 727 710 lux
752 675 877 711 habet
902 674 1088 719 proprias
1117 674 1398 710 dimensiones
1419 674 1459 709 in
1478 683 1587 710 aere.
1627 673 1732 719 Ergo
1755 675 1819 710 est
1838 683 1986 719 corpus

314 733 509 770 differens
535 734 587 769 ab
614 743 722 770 aere.
771 733 819 770 Et
846 734 1001 770 certum
1028 734 1092 769 est
1118 733 1227 778 quod
1256 734 1318 768 est
1345 733 1463 768 simul
1484 733 1575 768 loco
1598 742 1688 769 cum
1709 742 1818 769 aere.
1857 733 1988 769 Prima

313 793 525 837 probatur:
565 791 668 832 Quia
692 793 903 838 longitudo
930 792 1033 828 radii
1057 792 1256 837 frangitur
1283 793 1323 828 et
1348 791 1573 827 reflectitur
1598 791 1851 837 longitudine
1878 792 1985 828 aeris

313 851 472 897 integra
499 851 716 892 existente,
743 852 847 887 sicut
873 852 985 896 patet
1010 851 1051 886 in
1079 851 1242 887 obiectu
1269 850 1529 895 speculorum
1554 851 1605 887 ad
1631 850 1789 886 radium
1810 851 1988 887 solarem
2010 862 2042 887 10

315 911 355 946 et
380 910 420 946 in
447 911 699 946 transeundo
726 920 800 955 per
826 910 992 946 diversa
1018 910 1234 955 diaphana.
1284 909 1385 945 Item
1404 909 1541 945 radius
1563 909 1664 945 lucis
1687 910 1751 946 est
1770 919 1874 945 unus
1895 919 1989 946 con-

313 969 449 1005 tinuus
475 969 516 1005 in
544 969 782 1014 corporibus
819 970 1046 1005 secundum
1082 968 1264 1013 speciem
1303 968 1516 1009 distinctis,
1555 970 1597 1004 ut
1634 969 1747 1013 patet
1785 969 1835 1005 de
1873 968 1988 1005 radio

314 1028 706 1073 perpendiculariter
732 1029 907 1065 cadente
934 1038 959 1064 a
985 1028 1073 1064 sole
1100 1028 1145 1064 in
1166 1029 1351 1064 centrum
1370 1037 1445 1073 per
1465 1028 1636 1069 caelum,
1662 1027 1810 1073 ignem,
1837 1037 1988 1069 aerem,

314 1096 462 1131 aquam
489 1088 529 1123 et
554 1088 715 1129 terram,
743 1087 888 1132 quibus
915 1087 1026 1123 nulla
1054 1086 1254 1123 dimensio
1282 1087 1347 1123 est
1373 1086 1611 1122 communis.

454 1147 508 1182 13.
534 1146 635 1182 Item
659 1146 730 1182 lux
755 1148 943 1183 movetur
968 1147 1020 1182 ad
1055 1147 1209 1182 motum
1244 1145 1355 1187 solis,
1393 1155 1466 1181 aer
1500 1146 1637 1181 autem
1673 1155 1756 1181 non
1792 1146 1989 1182 movetur.
2012 1161 2043 1186 15

314 1204 419 1251 Ergo
455 1205 519 1241 est
552 1205 661 1242 aliud
697 1214 845 1251 corpus
881 1206 932 1242 ab
968 1214 1078 1242 aere.
1128 1204 1233 1241 Dicit
1265 1204 1374 1241 enim
1401 1204 1694 1249 Dionysius,
1732 1204 1791 1241 De
1824 1204 1991 1241 Divinis

315 1263 591 1300 Nominibus2
616 1264 725 1310 quod
752 1265 814 1301 sol
839 1264 881 1301 in
908 1265 1019 1301 motu
1046 1274 1120 1300 suo
1149 1263 1343 1300 convellit
1370 1273 1512 1300 secum
1537 1263 1676 1300 radios
1704 1273 1814 1300 suos.

455 1324 509 1359 14.
535 1323 636 1360 Item
670 1324 827 1360 certum
862 1324 926 1360 est
961 1324 1070 1368 quod
1104 1323 1215 1359 linea
1249 1324 1387 1368 potest
1422 1323 1540 1359 simul
1574 1325 1719 1365 <esse>
1755 1332 1845 1359 cum
1870 1323 1990 1364 linea,

315 1382 452 1424 <locus
492 1384 606 1424 cum>
642 1382 734 1419 loco
775 1383 815 1419 et
853 1382 1094 1428 superficies
1133 1392 1224 1418 cum
1263 1381 1494 1427 superficie.
1555 1381 1661 1428 Ergo
1706 1391 1854 1427 corpus
1900 1392 1990 1418 cum

317 1450 501 1486 corpore.
2011 1454 2045 1479 20

454 1500 686 1545 Responsio
712 1503 748 1537 et
773 1500 1005 1537 solutiones
1032 1500 1288 1536 obiectorum
1314 1501 1550 1545 sequuntur
1570 1509 1613 1545 p.
1638 1500 1708 1536 125
1726 1509 1811 1545 sqq.

922 1732 1232 1794 Quaestio
1270 1732 1395 1784 XV.

371 1866 501 1906 quta
532 1866 617 1906 hoc
650 1868 961 1916 quaerebatur,
997 1868 1143 1906 utrum
1176 1876 1339 1915 corpus
1372 1865 1615 1916 gloriosum
1646 1867 1800 1915 posset
1833 1876 1933 1906 esse

733 1937 863 1977 simul
896 1948 997 1977 cum
1029 1937 1116 1977 alio
1150 1947 1338 1986 corpore
1371 1936 1579 1987 glorioso.

867 2037 920 2074 Et
945 2037 1199 2074 ostenditur
1224 2037 1348 2082 quod
1375 2036 1453 2073 sic.
2012 2054 2045 2078 25

461 2125 490 2156 1.
518 2120 678 2161 Quanto
706 2130 855 2166 corpus
883 2122 947 2157 est
973 2120 1171 2161 subtilius,
1197 2120 1310 2156 tanto
1337 2119 1470 2155 minus
1495 2119 1652 2156 resistit
1677 2119 1805 2155 alteri.

459 2180 490 2215 2.
516 2179 622 2216 Item
653 2179 987 2225 Philosophus
1027 2179 1148 2215 1110113
1185 2178 1305 2224 quod,
1345 2178 1508 2223 quando
1547 2177 1700 2223 aliquid
1736 2177 1881 2214 transit
1918 2188 1993 2223 per

319 2247 471 2281 aerem,
496 2239 635 2283 partes
662 2238 770 2275 aeris
798 2238 1028 2275 subintrant
1054 2247 1100 2274 se
1128 2238 1169 2274 et
1193 2237 1422 2282 penetrant,
1450 2236 1544 2282 quia
1570 2237 1665 2272 sunt
1688 2237 1859 2273 naturae
1880 2237 1994 2282 spiri-

320 2297 451 2333 tualis.
500 2297 605 2344 Ergo
633 2307 738 2343 quae
765 2298 860 2333 sunt
885 2298 1057 2334 naturae
1084 2296 1315 2342 spiritualis,
1342 2296 1516 2341 possunt
1542 2305 1639 2332 esse
1666 2295 1793 2332 simul.

459 2358 491 2393 3.
517 2356 618 2393 Item
644 2366 791 2402 corpus
828 2356 1051 2402 gloriosum
1085 2356 1155 2392 aut
1188 2355 1320 2400 replet
1354 2354 1489 2390 locum
1523 2354 1592 2390 aut
1629 2363 1724 2390 non.
1775 2353 1816 2391 Si
1850 2355 1992 2400 replet,
2012 2370 2047 2395 30

322 2425 421 2461 ergo
458 2416 620 2461 repellit
657 2425 740 2452 non
777 2415 1012 2461 gloriosum.
1084 2413 1273 2450 Probatio
1313 2412 1657 2458 consequentiae:
1700 2413 1891 2450 Locatum
1931 2415 1995 2450 est

321 2474 495 2520 aequale
521 2475 625 2511 loco.
674 2474 780 2521 Ergo
817 2475 851 2511 si
885 2474 1036 2519 aliquid
1071 2473 1244 2510 addatur
1278 2472 1425 2514 locato,
1463 2471 1543 2508 iam
1578 2482 1661 2508 non
1697 2472 1774 2508 erit
1807 2473 1992 2518 aequale.

322 2533 520 2570 Possibile
549 2535 612 2570 est
637 2535 774 2570 autem
801 2533 1045 2578 subduplum
1066 2541 1162 2569 esse
1183 2531 1357 2576 aequale
1379 2531 1514 2575 duplo,
1541 2531 1576 2566 si
1596 2540 1679 2567 non
1696 2531 1829 2576 replet
1847 2531 1992 2567 locum.

321 2591 426 2638 Ergo
452 2592 591 2637 potest
616 2595 789 2637 <corpus
815 2591 1062 2638 gloriosum>
1088 2591 1275 2636 recipere
1302 2590 1410 2626 aliud
1437 2590 1670 2635 gloriosum.

461 2651 494 2686 4.
519 2651 619 2687 Item
645 2652 753 2696 quod
781 2652 920 2696 potest
944 2651 1164 2696 penetrare
1191 2653 1414 2695 <grossum
1440 2650 1578 2694 potest
1604 2649 1726 2685 etiam
1751 2650 1993 2694 penetrare>
2013 2664 2046 2689 35

323 2709 520 2745 subtilius.
570 2709 675 2756 Ergo
712 2709 746 2746 si
781 2719 930 2755 corpus
965 2709 1189 2755 gloriosum
1224 2708 1362 2753 potest
1394 2709 1611 2753 penetrare
1644 2718 1727 2744 non
1760 2708 1992 2754 gloriosum,

324 2778 423 2814 ergo
451 2769 527 2805 etc.

463 2873 483 2905 9
519 2871 622 2912 Quia]
662 2872 757 2913 quod
877 2872 917 2905 11
954 2871 1149 2913 diaphana]
1187 2871 1345 2911 dyafona
1468 2871 1510 2904 28
1545 2870 1756 2911 spiritualis]
1793 2871 1996 2912 spiritualia

324 2925 367 2958 32
393 2925 570 2958 Possibile
596 2926 652 2958 est
677 2924 810 2964 autem]
835 2925 1061 2966 impossibile
1088 2925 1144 2957 est
1169 2924 1278 2956 etiam
1373 2924 1415 2956 34
1442 2922 1542 2962 Item]
1568 2924 1604 2956 et

465 3019 477 3041 ¹
503 3020 555 3052 De
582 3020 668 3053 Gen.
694 3021 729 3052 et
754 3020 856 3053 Corr.
884 3013 907 3058 I,
935 3020 988 3052 10.
1130 3018 1145 3040 2
1171 3019 1257 3059 Cap.
1286 3019 1304 3050 2
1331 3017 1353 3057 ἓ
1380 3018 1410 3050 4.

463 3072 478 3094 ³
503 3073 634 3106 Nescio
661 3082 732 3114 quo
757 3074 848 3106 loco.
