2095 3459
294 186 340 221 78
805 189 983 222 «Iohannis
1009 189 1177 222 Pechami
1203 189 1456 227 Quaestiones.

230 284 274 321 C.
886 280 889 282 ’
1002 285 1272 331 Responsio.

435 365 498 402 Ad
524 366 754 411 quaesitum
781 367 832 404 de
860 367 1110 413 cogitatione
1136 368 1350 404 sciendum
1382 370 1491 414 quod
1525 378 1679 405 nomen
1714 366 1973 413 cogitationis

295 424 439 461 dicitur
465 435 490 461 a
520 426 734 462 coactione
747 428 770 462 1.
820 425 891 462 Est
921 428 1060 463 autem
1092 427 1377 463 coactio-actio
1412 428 1452 464 et
1484 427 1814 472 coactio-passio.
1859 425 1975 472 Cogi-

295 484 393 520 tatio
434 484 542 520 enim
579 484 832 529 proveniens
872 495 926 521 ex
962 485 1160 530 passione
1199 486 1407 522 excitante
1445 486 1747 523 revolutionem
1784 486 1976 531 phantas—

295 544 447 579 matum
472 543 792 589 imaginabilium
819 545 883 580 est
909 544 949 580 in
981 545 1098 590 parte
1134 543 1335 581 sensitiva
1371 546 1412 581 et
1446 545 1632 590 operatio
1658 545 1829 586 virtutis,
1868 553 1974 589 quae
1994 551 2011 577 5

296 603 361 639 est
384 603 426 638 in
452 602 589 639 medio
616 603 787 644 cerebri,
824 613 1079 649 componens
1110 603 1264 640 formas
1291 604 1535 650 imaginatas
1563 614 1654 640 cum
1679 603 1975 640 intentionibus

296 662 337 698 et
361 661 730 701 aestimationibus.
781 662 825 698 V.
853 672 889 708 g.
916 663 1044 698 virms
1070 662 1336 708 imaginativa
1361 662 1635 708 apprehendit
1655 663 1837 708 speciem
1857 662 1975 703 Petri,

296 722 337 757 et
360 720 535 757 formam
561 722 601 757 et
625 720 799 766 figuram
826 723 868 757 et
892 721 1136 758 huiusmodi.
1173 721 1287 758 Talia
1319 722 1507 758 dicuntur
1531 722 1690 758 formae
1716 722 1976 767 imaginatae.

296 779 433 816 Virtus
459 780 725 826 imaginativa
750 780 817 817 vel
843 780 1105 817 aestimativa
1130 781 1403 826 apprehendit
1436 781 1638 817 rationem
1673 780 1877 817 amicitiae
1908 780 1976 816 vel

296 838 530 875 inimicitiae
555 839 597 875 in
623 849 893 884 quocumque,
932 849 1008 876 seu
1040 839 1244 876 commodi
1276 840 1316 876 et
1341 839 1601 876 incommodi.
1652 839 1766 880 Quae
1790 839 1978 876 dicuntur
1999 845 2031 870 10

296 907 321 934 a
345 897 600 943 philosophis
627 907 710 934 non
735 898 893 935 formae
920 899 995 935 sed
1033 898 1297 941 intentiones,
1335 899 1431 944 quia
1468 908 1552 935 non
1589 899 1759 935 movent
1796 908 1976 949 sensum,

297 957 371 993 sed
410 957 673 993 sensibilibus
713 957 1016 1003 coniunguntur
1061 959 1102 994 et
1146 958 1241 993 sunt
1279 958 1443 994 obieeta
1481 957 1641 995 virtutis
1678 957 1976 994 aestimativae.

297 1014 514 1061 Componit
538 1017 675 1052 autem
715 1016 936 1062 cogitativa
974 1016 1132 1053 sensita
1169 1026 1252 1052 non
1290 1016 1506 1053 formando
1546 1016 1863 1062 propositiones,
1902 1017 1976 1053 sed

297 1074 589 1111 contundendo
615 1075 769 1112 formas
796 1075 1040 1121 imaginatas
1068 1076 1109 1112 et
1134 1075 1399 1118 intentiones,
1438 1076 1534 1121 quia
1558 1075 1769 1121 porportio
1797 1076 1885 1112 eius
1913 1077 1978 1112 est

297 1134 348 1169 ad
374 1133 449 1170 has
476 1134 578 1170 duas
604 1133 757 1171 formas
785 1134 873 1171 sive
899 1134 1164 1177 intentiones,
1191 1135 1348 1171 scilicet
1373 1136 1425 1171 ad
1451 1135 1604 1171 idolum
1629 1134 1690 1171 rei
1717 1136 1757 1171 et
1776 1136 1828 1171 ad
1847 1135 1978 1171 inten-
1998 1139 2031 1164 15

297 1192 453 1230 tionem
477 1192 585 1236 idoli,
612 1193 717 1229 sicut
741 1194 951 1239 proportio
980 1203 1130 1230 sensus
1168 1194 1394 1230 communis
1432 1195 1482 1230 ad
1510 1194 1761 1230 intentiones
1798 1194 1977 1239 quinque

300 1261 508 1294 sensuum,
534 1252 577 1288 ut
603 1251 699 1288 dicit
725 1251 1125 1288 Commentator2.
1166 1252 1279 1289 Haec
1299 1253 1420 1299 igitur
1440 1253 1633 1299 cogitatio
1655 1254 1719 1289 est
1739 1253 1977 1290 sensitivae.

438 1310 530 1347 Alia
556 1312 619 1347 est
646 1311 839 1356 cogitatio
866 1321 891 1347 a
918 1311 1134 1348 coactione
1170 1321 1253 1347 non
1289 1312 1497 1357 passione,
1530 1312 1605 1348 sed
1641 1312 1805 1349 actione
1836 1313 1978 1349 volun-

89 1377 154 1412 rol.
181 1378 280 1410 26vb
300 1369 406 1411 tatis,
433 1370 597 1406 dicente
622 1369 921 1416 Augustino,
948 1370 1008 1406 De
1039 1370 1148 1407 Trin.
1175 1370 1282 1407 XI.3:
1322 1371 1403 1415 „Fit
1440 1371 1550 1407 trini—
1567 1374 1580 1415 Η
1598 1372 1661 1407 tas
1695 1381 1749 1407 ex
1780 1371 1979 1408 memoria

300 1429 340 1464 et
364 1429 528 1465 interna
552 1428 713 1465 visione
742 1430 781 1465 et
808 1438 913 1474 quae
940 1430 1155 1475 utramque
1182 1430 1347 1475 copulat
1373 1430 1597 1466 voluntate.
1637 1429 1751 1471 Quae
1772 1430 1859 1472 tria,
1886 1440 1977 1467 cum
1996 1439 2031 1465 20

299 1488 340 1523 in
365 1497 492 1524 unuin
517 1488 717 1534 coguntur
742 1489 794 1524 ab
821 1488 910 1533 ipso
938 1489 1084 1525 coactu
1111 1489 1304 1535 cogitatio
1331 1489 1508 1525 dicitur.“
1553 1489 1667 1525 Haec
1693 1489 1885 1535 cogitatio
1913 1491 1977 1526 est

300 1547 504 1593 copulatio
533 1546 765 1592 specierum
790 1557 816 1584 a
840 1547 1129 1592 phantasmate
1155 1548 1455 1585 abstractarum
1488 1548 1555 1584 vel
1594 1549 1774 1593 desuper
1809 1548 1978 1585 venien-

299 1604 397 1641 tium
424 1605 491 1642 vel
518 1606 629 1642 certe
655 1606 896 1649 innatarum,
926 1607 966 1643 et
993 1607 1057 1642 est
1083 1607 1268 1652 operatio
1295 1607 1538 1643 intellectus.

224 1703 273 1740 D.
891 1706 1062 1744 Solutio
1091 1707 1390 1745 obiectorum.

440 1788 471 1823 1.
505 1787 703 1824 Rationes
736 1797 834 1834 ergo
867 1788 920 1825 ad
945 1788 1116 1834 primam
1142 1790 1301 1834 partem
1326 1789 1519 1826 inductae
1546 1790 1766 1835 loquuntur
1792 1790 1842 1826 (16
1870 1790 1976 1836 cogi·
1996 1799 2031 1824 <25

300 1846 456 1883 tatione
482 1846 612 1892 primo
639 1847 761 1883 modo
789 1847 907 1884 dicta.

440 1906 472 1941 2.
496 1905 693 1942 Rationes
720 1906 772 1942 ad
799 1907 1025 1943 secundam
1051 1908 1210 1952 partem
1235 1908 1438 1954 allegatae
1478 1908 1651 1944 concedi
1684 1909 1870 1953 possunt,
1909 1918 1978 1945 ex-

301 1964 422 2009 cepta
446 1964 587 2009 prima.
638 1963 850 2008 Quoniam,
889 1965 984 2002 licet
1021 1966 1245 2012 distinguat
1279 1967 1501 2013 cogitativa
1534 1967 1735 2004 sensitiva
1767 1968 1874 2004 inter
1898 1968 1977 2011 illa,

301 2033 385 2059 non
409 2024 549 2059 tamen
574 2023 799 2060 reflectitur
826 2034 950 2070 super
975 2025 1088 2070 ipsas
1116 2026 1279 2070 species
1307 2026 1412 2062 sicut
1438 2035 1563 2071 super
1589 2026 1762 2068 obiecta,
1791 2028 1866 2063 sed
1892 2029 1978 2064 tan-

300 2083 384 2118 tum
404 2091 479 2127 per
498 2083 660 2119 modum
681 2083 791 2120 illum
811 2084 1079 2130 <distinguit>,
1095 2094 1174 2129 quo
1196 2094 1345 2121 sensu-s
1367 2085 1592 2121 communis
1614 2085 1824 2132 distinguit
1842 2086 1975 2122 album
1997 2093 2031 2118 30

302 2150 327 2178 a
352 2141 469 2184 dulci,
495 2141 519 2177 i.
546 2151 581 2178 e.
606 2143 879 2188 apprehendit
904 2144 982 2179 hoc
1008 2153 1091 2180 non
1118 2153 1215 2180 esse
1240 2144 1349 2180 illud.

174 2244 217 2282 C.
238 2253 278 2281 a.
1003 2238 1273 2284 Responsio.

442 2318 506 2354 Ad
531 2319 760 2364 quaesitum
783 2320 834 2361 de
856 2320 1164 2365 concupiscibili
1183 2321 1223 2357 et
1243 2321 1436 2357 irascibili
1456 2321 1674 2357 dicendum
1694 2322 1814 2366 quod,
1841 2331 1978 2367 quam-

303 2377 364 2413 vis
391 2387 545 2414 nomen
571 2378 791 2414 voluntatis
819 2388 844 2415 a
869 2379 1123 2424 quibusdam,
1161 2381 1204 2416 ut
1230 2380 1569 2416 Damasceno4
1608 2381 1649 2416 et
1673 2380 1774 2422 aliis,
1812 2381 1978 2417 restrin-

303 2437 421 2482 gatur
445 2437 497 2472 ad
516 2437 746 2482 appetitum
773 2438 1027 2479 rationalem,
1063 2438 1114 2475 ab
1147 2439 1235 2475 aliis
1263 2440 1401 2475 tamen
1427 2439 1591 2484 ponitur
1617 2440 1658 2475 et
1683 2439 1723 2475 in
1750 2440 1908 2476 ratione
1937 2441 1977 2476 et
1996 2451 2030 2476 35

445 2560 488 2591 15
514 2558 662 2598 formas]
692 2558 728 2597 -1-
759 2560 977 2592 intentiones
1004 2561 1139 2593 formas
1237 2561 1372 2593 15—16
1410 2561 1457 2594 ad
1490 2559 1723 2595 intentionem
1761 2562 1844 2594 idoli
1871 2561 1975 2601 sicut]

306 2612 351 2644 ad
377 2612 610 2644 intentionem
636 2612 715 2645 sive
741 2612 825 2645 idoli
852 2614 908 2645 est
933 2613 1011 2645 51116
1108 2614 1147 2646 21
1177 2613 1360 2655 cogitatio]
1387 2614 1556 2655 cognatio

444 2728 457 2751 ¹
484 2730 554 2764 Cir.
580 2731 781 2771 Thomas,
820 2731 871 2764 De
903 2731 977 2764 Ver.
1012 2732 1100 2771 XIV,
1129 2733 1145 2764 1
1183 2730 1253 2771 (ob.
1281 2731 1333 2771 2);
1371 2732 1617 2772 Avicenna,
1661 2732 1714 2766 VI.
1741 2733 1824 2766 Nat.
1860 2732 1916 2769 IV,
1945 2734 1975 2766 1.

308 2782 450 2822 „Virtus
475 2783 651 2825 cogitans,
677 2784 763 2824 quia
787 2784 991 2817 intellectus
1017 2785 1050 2817 ei
1075 2784 1262 2825 imperat.‘⁴

445 2835 460 2858 2
484 2837 537 2869 De
563 2837 695 2869 anima
719 2837 772 2876 111,
800 2837 819 2869 4
846 2836 950 2877 (text.
976 2836 1023 2877 6).
1073 2837 1143 2870 Cir.
1170 2838 1421 2877 Avicenna,
1454 2838 1507 2871 VI.
1534 2838 1619 2871 Nat.
1645 2838 1700 2877 IV,
1730 2839 1759 2872 1.

445 2887 460 2910 3
484 2889 525 2929 X,
553 2890 593 2922 11
620 2888 692 2929 (PL
718 2889 772 2929 42,
799 2890 865 2923 983
891 2899 925 2923 n.
954 2889 1021 2930 18).

447 2941 462 2963 4
487 2942 539 2975 De
563 2942 653 2975 Fide
679 2942 782 2976 Orth.
820 2943 859 2983 ΙΙ,
885 2942 940 2976 22.
991 2943 1061 2976 Cir.
1100 2944 1276 2983 Bonav„
1318 2943 1384 2984 Op.
1420 2952 1519 2977 omn.
1557 2942 1730 2982 11‚565¹;
1768 2944 1815 2977 ib.
1854 2944 1920 2976 605
1940 2944 1973 2977 b.

310 2993 507 3033 „Voluntas
525 2995 620 3027 enim
634 3021 642 3028 .
658 3020 666 3028 .
681 3021 689 3029 .
704 3004 776 3028 non
796 2996 957 3028 nominat
976 2996 1083 3029 aliam
1104 2996 1303 3037 potentiam
1323 2996 1519 3029 secundum
1540 2997 1735 3029 essentiam
1755 2998 1791 3029 et
1810 2998 1973 3029 naturam

308 3047 354 3079 ab
379 3047 552 3080 irascibili
578 3049 613 3080 et
638 3048 920 3089 concupiscibili,
946 3049 1031 3082 licet
1057 3049 1127 3082 alio
1153 3049 1258 3082 modo
1284 3048 1476 3081 nominet.“
