<?xml version="1.0" encoding="UTF-8"?>
<!DOCTYPE html PUBLIC "-//W3C//DTD XHTML 1.0 Transitional//EN"
    "http://www.w3.org/TR/xhtml1/DTD/xhtml1-transitional.dtd">
<html xmlns="http://www.w3.org/1999/xhtml" xml:lang="en" lang="en">
 <head>
  <title>
</title>
<meta http-equiv="Content-Type" content="text/html;charset=utf-8" />
  <meta name='ocr-system' content='tesseract 3.04.00' />
  <meta name='ocr-capabilities' content='ocr_page ocr_carea ocr_par ocr_line ocrx_word'/>
</head>
<body>
  <div class='ocr_page' id='page_1' title='image "./johannispechamiq00peck/johannispechamiq00peck_0079.png"; bbox 0 0 2095 3459; ppageno 0'>
   <div class='ocr_carea' id='block_1_1' title="bbox 805 191 1785 229">
    <p class='ocr_par' dir='ltr' id='par_1_1' title="bbox 805 191 1785 229">
     <span class='ocr_line' id='line_1_1' title="bbox 805 191 1785 229; baseline 0.002 -5"><span class='ocrx_word' id='word_1_1' title='bbox 805 191 979 229; x_wconf 76' lang='lat' dir='ltr'>Quaestio</span> <span class='ocrx_word' id='word_1_2' title='bbox 1007 193 1059 225; x_wconf 84' lang='lat' dir='ltr'>lli.</span> <span class='ocrx_word' id='word_1_3' title='bbox 1739 191 1785 227; x_wconf 80' lang='lat'>35</span> 
     </span>
    </p>
   </div>
   <div class='ocr_carea' id='block_1_2' title="bbox 47 286 1996 2416">
    <p class='ocr_par' dir='ltr' id='par_1_2' title="bbox 97 286 1783 514">
     <span class='ocr_line' id='line_1_2' title="bbox 97 286 1782 335; baseline 0.002 -11"><span class='ocrx_word' id='word_1_4' title='bbox 97 286 193 325; x_wconf 90' lang='lat' dir='ltr'>dicit</span> <span class='ocrx_word' id='word_1_5' title='bbox 219 287 297 324; x_wconf 89' lang='lat' dir='ltr'>nisi</span> <span class='ocrx_word' id='word_1_6' title='bbox 317 288 566 325; x_wconf 87' lang='lat' dir='ltr'>desiderium</span> <span class='ocrx_word' id='word_1_7' title='bbox 588 290 652 325; x_wconf 92' lang='lat' dir='ltr'>vel</span> <span class='ocrx_word' id='word_1_8' title='bbox 674 289 898 335; x_wconf 86' lang='lat' dir='ltr'>appetitum</span> <span class='ocrx_word' id='word_1_9' title='bbox 920 290 1083 326; x_wconf 91' lang='lat' dir='ltr'>animae</span> <span class='ocrx_word' id='word_1_10' title='bbox 1105 290 1332 326; x_wconf 87' lang='lat' dir='ltr'>sensitivae</span> <span class='ocrx_word' id='word_1_11' title='bbox 1355 291 1581 327; x_wconf 88' lang='lat' dir='ltr'>secundum</span> <span class='ocrx_word' id='word_1_12' title='bbox 1604 300 1782 333; x_wconf 83' lang='lat' dir='ltr'>carnem,</span> 
     </span>
     <span class='ocr_line' id='line_1_3' title="bbox 97 347 1781 395; baseline 0.002 -12"><span class='ocrx_word' id='word_1_13' title='bbox 97 347 164 393; x_wconf 90' lang='lat' dir='ltr'>qui</span> <span class='ocrx_word' id='word_1_14' title='bbox 192 349 256 384; x_wconf 90' lang='lat' dir='ltr'>est</span> <span class='ocrx_word' id='word_1_15' title='bbox 281 348 486 392; x_wconf 87' lang='lat' dir='ltr'>appetitus</span> <span class='ocrx_word' id='word_1_16' title='bbox 515 350 708 393; x_wconf 89' lang='lat' dir='ltr'>quantum</span> <span class='ocrx_word' id='word_1_17' title='bbox 730 350 780 385; x_wconf 93' lang='lat' dir='ltr'>ad</span> <span class='ocrx_word' id='word_1_18' title='bbox 804 349 1073 385; x_wconf 83' lang='lat' dir='ltr'>substantiam</span> <span class='ocrx_word' id='word_1_19' title='bbox 1097 359 1187 385; x_wconf 91' lang='lat' dir='ltr'>cum</span> <span class='ocrx_word' id='word_1_20' title='bbox 1207 349 1436 390; x_wconf 88' lang='lat' dir='ltr'>accidente,</span> <span class='ocrx_word' id='word_1_21' title='bbox 1464 352 1658 395; x_wconf 90' lang='lat' dir='ltr'>quantum</span> <span class='ocrx_word' id='word_1_22' title='bbox 1680 360 1781 387; x_wconf 89' lang='lat' dir='ltr'>vero</span> 
     </span>
     <span class='ocr_line' id='line_1_4' title="bbox 97 407 1783 455; baseline 0.002 -12"><span class='ocrx_word' id='word_1_23' title='bbox 97 407 148 443; x_wconf 88' lang='lat' dir='ltr'>ad</span> <span class='ocrx_word' id='word_1_24' title='bbox 176 407 498 444; x_wconf 82' lang='lat' dir='ltr'>immoderamen</span> <span class='ocrx_word' id='word_1_25' title='bbox 526 417 692 444; x_wconf 88' lang='lat' dir='ltr'>causam</span> <span class='ocrx_word' id='word_1_26' title='bbox 721 409 845 444; x_wconf 88' lang='lat' dir='ltr'>habet</span> <span class='ocrx_word' id='word_1_27' title='bbox 871 410 1026 444; x_wconf 91' lang='lat' dir='ltr'>tantum</span> <span class='ocrx_word' id='word_1_28' title='bbox 1055 409 1331 449; x_wconf 70' lang='lat' dir='ltr'>deficientem,</span> <span class='ocrx_word' id='word_1_29' title='bbox 1371 410 1563 454; x_wconf 86' lang='lat' dir='ltr'>quoniam</span> <span class='ocrx_word' id='word_1_30' title='bbox 1592 411 1783 455; x_wconf 89' lang='lat' dir='ltr'>provenit</span> 
     </span>
     <span class='ocr_line' id='line_1_5' title="bbox 98 467 912 514; baseline 0.001 -12"><span class='ocrx_word' id='word_1_31' title='bbox 98 475 151 502; x_wconf 89' lang='lat' dir='ltr'>ex</span> <span class='ocrx_word' id='word_1_32' title='bbox 178 467 457 503; x_wconf 86' lang='lat' dir='ltr'>subtractione</span> <span class='ocrx_word' id='word_1_33' title='bbox 485 467 694 514; x_wconf 87' lang='lat' dir='ltr'>originalis</span> <span class='ocrx_word' id='word_1_34' title='bbox 723 468 912 503; x_wconf 90' lang='lat' dir='ltr'>iustitiae.</span> 
     </span>
    </p>

    <p class='ocr_par' dir='ltr' id='par_1_3' title="bbox 62 526 1996 692">
     <span class='ocr_line' id='line_1_6' title="bbox 62 526 1996 574; baseline 0.002 -12"><span class='ocrx_word' id='word_1_35' title='bbox 62 534 78 559; x_wconf 79' lang='lat'><strong>5</strong></span> <span class='ocrx_word' id='word_1_36' title='bbox 238 528 270 562; x_wconf 90' lang='lat'>7.</span> <span class='ocrx_word' id='word_1_37' title='bbox 298 526 358 563; x_wconf 88' lang='lat' dir='ltr'>Ad</span> <span class='ocrx_word' id='word_1_38' title='bbox 387 527 604 571; x_wconf 92' lang='lat' dir='ltr'>septimum</span> <span class='ocrx_word' id='word_1_39' title='bbox 632 528 849 563; x_wconf 88' lang='lat' dir='ltr'>dicendum</span> <span class='ocrx_word' id='word_1_40' title='bbox 868 530 882 569; x_wconf 78' lang='grc' dir='ltr'>ΙΙ</span> <span class='ocrx_word' id='word_1_41' title='bbox 901 528 1009 572; x_wconf 87' lang='lat' dir='ltr'>quod</span> <span class='ocrx_word' id='word_1_42' title='bbox 1051 527 1157 563; x_wconf 88' lang='lat' dir='ltr'>istud</span> <span class='ocrx_word' id='word_1_43' title='bbox 1198 529 1379 564; x_wconf 89' lang='lat' dir='ltr'>creatum</span> <span class='ocrx_word' id='word_1_44' title='bbox 1418 528 1563 573; x_wconf 92' lang='lat' dir='ltr'>partim</span> <span class='ocrx_word' id='word_1_45' title='bbox 1592 530 1656 565; x_wconf 86' lang='lat' dir='ltr'>est</span> <span class='ocrx_word' id='word_1_46' title='bbox 1679 529 1787 574; x_wconf 88' lang='lat' dir='ltr'>posi·</span> <span class='ocrx_word' id='word_1_47' title='bbox 1809 527 1870 560; x_wconf 81' lang='lat' dir='ltr'>sol.</span> <span class='ocrx_word' id='word_1_48' title='bbox 1894 527 1996 560; x_wconf 71' lang='lat' dir='ltr'>38vb</span> 
     </span>
     <span class='ocr_line' id='line_1_7' title="bbox 97 586 1786 633; baseline 0.001 -11"><span class='ocrx_word' id='word_1_49' title='bbox 97 586 235 627; x_wconf 85' lang='lat' dir='ltr'>tivum,</span> <span class='ocrx_word' id='word_1_50' title='bbox 262 586 407 632; x_wconf 88' lang='lat' dir='ltr'>partim</span> <span class='ocrx_word' id='word_1_51' title='bbox 435 587 694 623; x_wconf 84' lang='lat' dir='ltr'>defectivum.</span> <span class='ocrx_word' id='word_1_52' title='bbox 734 586 780 622; x_wconf 79' lang='lat' dir='ltr'>Et</span> <span class='ocrx_word' id='word_1_53' title='bbox 813 588 1039 623; x_wconf 89' lang='lat' dir='ltr'>secundum</span> <span class='ocrx_word' id='word_1_54' title='bbox 1073 587 1151 623; x_wconf 81' lang='lat' dir='ltr'>boc</span> <span class='ocrx_word' id='word_1_55' title='bbox 1179 587 1303 623; x_wconf 86' lang='lat' dir='ltr'>habet</span> <span class='ocrx_word' id='word_1_56' title='bbox 1331 597 1497 624; x_wconf 87' lang='lat' dir='ltr'>causam</span> <span class='ocrx_word' id='word_1_57' title='bbox 1526 588 1671 633; x_wconf 87' lang='lat' dir='ltr'>partim</span> <span class='ocrx_word' id='word_1_58' title='bbox 1700 588 1786 624; x_wconf 85' lang='lat' dir='ltr'>effi-</span> 
     </span>
     <span class='ocr_line' id='line_1_8' title="bbox 98 646 762 692; baseline -0.002 -9"><span class='ocrx_word' id='word_1_59' title='bbox 98 646 287 687; x_wconf 88' lang='lat' dir='ltr'>cientem,</span> <span class='ocrx_word' id='word_1_60' title='bbox 314 646 459 692; x_wconf 89' lang='lat' dir='ltr'>partim</span> <span class='ocrx_word' id='word_1_61' title='bbox 486 646 762 683; x_wconf 79' lang='lat' dir='ltr'>deficientem.</span> 
     </span>
    </p>

    <p class='ocr_par' dir='ltr' id='par_1_4' title="bbox 98 706 1786 812">
     <span class='ocr_line' id='line_1_9' title="bbox 237 706 1786 753; baseline 0.001 -11"><span class='ocrx_word' id='word_1_62' title='bbox 237 706 269 742; x_wconf 90' lang='lat'>8.</span> <span class='ocrx_word' id='word_1_63' title='bbox 308 706 370 742; x_wconf 91' lang='lat' dir='ltr'>Ad</span> <span class='ocrx_word' id='word_1_64' title='bbox 409 708 600 742; x_wconf 90' lang='lat' dir='ltr'>octavum</span> <span class='ocrx_word' id='word_1_65' title='bbox 638 706 906 749; x_wconf 90' lang='lat' dir='ltr'>&lt;dicendum&gt;</span> <span class='ocrx_word' id='word_1_66' title='bbox 944 707 1053 752; x_wconf 91' lang='lat' dir='ltr'>quod</span> <span class='ocrx_word' id='word_1_67' title='bbox 1102 706 1265 742; x_wconf 89' lang='lat' dir='ltr'>habitus</span> <span class='ocrx_word' id='word_1_68' title='bbox 1304 707 1469 752; x_wconf 87' lang='lat' dir='ltr'>proprie</span> <span class='ocrx_word' id='word_1_69' title='bbox 1516 707 1672 746; x_wconf 82' lang='lat' dir='ltr'>dicitur.</span> <span class='ocrx_word' id='word_1_70' title='bbox 1718 708 1786 753; x_wconf 88' lang='lat' dir='ltr'>qui</span> 
     </span>
     <span class='ocr_line' id='line_1_10' title="bbox 98 765 1785 812; baseline 0.002 -11"><span class='ocrx_word' id='word_1_71' title='bbox 98 775 172 812; x_wconf 90' lang='lat' dir='ltr'>per</span> <span class='ocrx_word' id='word_1_72' title='bbox 197 765 511 811; x_wconf 89' lang='lat' dir='ltr'>dispositionem</span> <span class='ocrx_word' id='word_1_73' title='bbox 531 765 763 811; x_wconf 91' lang='lat' dir='ltr'>acquiritur.</span> <span class='ocrx_word' id='word_1_74' title='bbox 812 765 922 802; x_wconf 87' lang='lat' dir='ltr'>Talis</span> <span class='ocrx_word' id='word_1_75' title='bbox 944 767 1008 802; x_wconf 91' lang='lat' dir='ltr'>est</span> <span class='ocrx_word' id='word_1_76' title='bbox 1028 767 1080 802; x_wconf 89' lang='lat' dir='ltr'>ab</span> <span class='ocrx_word' id='word_1_77' title='bbox 1101 767 1266 812; x_wconf 85' lang='lat' dir='ltr'>agente,</span> <span class='ocrx_word' id='word_1_78' title='bbox 1294 768 1426 802; x_wconf 90' lang='lat' dir='ltr'>bonus</span> <span class='ocrx_word' id='word_1_79' title='bbox 1454 776 1479 803; x_wconf 85' lang='lat' dir='ltr'>a</span> <span class='ocrx_word' id='word_1_80' title='bbox 1506 768 1626 804; x_wconf 88' lang='lat' dir='ltr'>bono.</span> <span class='ocrx_word' id='word_1_81' title='bbox 1656 768 1785 804; x_wconf 91' lang='lat' dir='ltr'>malus</span> 
     </span>
    </p>

    <p class='ocr_par' dir='ltr' id='par_1_5' title="bbox 47 825 1784 931">
     <span class='ocr_line' id='line_1_11' title="bbox 47 825 1784 872; baseline 0.001 -11"><span class='ocrx_word' id='word_1_82' title='bbox 47 835 81 861; x_wconf 89' lang='lat'>10</span> <span class='ocrx_word' id='word_1_83' title='bbox 99 835 124 862; x_wconf 89' lang='lat' dir='ltr'>a</span> <span class='ocrx_word' id='word_1_84' title='bbox 150 825 268 862; x_wconf 88' lang='lat' dir='ltr'>malo.</span> <span class='ocrx_word' id='word_1_85' title='bbox 320 825 401 862; x_wconf 88' lang='lat' dir='ltr'>Sed</span> <span class='ocrx_word' id='word_1_86' title='bbox 427 825 507 861; x_wconf 91' lang='lat' dir='ltr'>ista</span> <span class='ocrx_word' id='word_1_87' title='bbox 532 825 742 862; x_wconf 88' lang='lat' dir='ltr'>inclinatio</span> <span class='ocrx_word' id='word_1_88' title='bbox 770 825 1053 862; x_wconf 88' lang='lat' dir='ltr'>conscientiae</span> <span class='ocrx_word' id='word_1_89' title='bbox 1082 836 1165 862; x_wconf 89' lang='lat' dir='ltr'>non</span> <span class='ocrx_word' id='word_1_90' title='bbox 1202 827 1266 862; x_wconf 90' lang='lat' dir='ltr'>est</span> <span class='ocrx_word' id='word_1_91' title='bbox 1298 826 1462 872; x_wconf 88' lang='lat' dir='ltr'>proprie</span> <span class='ocrx_word' id='word_1_92' title='bbox 1496 827 1670 869; x_wconf 89' lang='lat' dir='ltr'>habitus,</span> <span class='ocrx_word' id='word_1_93' title='bbox 1711 828 1784 863; x_wconf 92' lang='lat' dir='ltr'>sed</span> 
     </span>
     <span class='ocr_line' id='line_1_12' title="bbox 98 885 1206 931; baseline 0 -10"><span class='ocrx_word' id='word_1_94' title='bbox 98 885 290 931; x_wconf 89' lang='lat' dir='ltr'>provenit</span> <span class='ocrx_word' id='word_1_95' title='bbox 316 895 370 922; x_wconf 86' lang='lat' dir='ltr'>ex</span> <span class='ocrx_word' id='word_1_96' title='bbox 396 885 561 921; x_wconf 88' lang='lat' dir='ltr'>defectu</span> <span class='ocrx_word' id='word_1_97' title='bbox 587 885 750 921; x_wconf 88' lang='lat' dir='ltr'>habitus</span> <span class='ocrx_word' id='word_1_98' title='bbox 778 885 987 931; x_wconf 85' lang='lat' dir='ltr'>originalis</span> <span class='ocrx_word' id='word_1_99' title='bbox 1014 885 1206 922; x_wconf 90' lang='lat' dir='ltr'>iustitiae.</span> 
     </span>
    </p>

    <p class='ocr_par' dir='ltr' id='par_1_6' title="bbox 98 945 1786 1109">
     <span class='ocr_line' id='line_1_13' title="bbox 237 945 1786 990; baseline 0.001 -9"><span class='ocrx_word' id='word_1_100' title='bbox 237 946 271 981; x_wconf 85' lang='lat'>9.</span> <span class='ocrx_word' id='word_1_101' title='bbox 302 945 365 981; x_wconf 91' lang='lat' dir='ltr'>Ad</span> <span class='ocrx_word' id='word_1_102' title='bbox 392 955 546 981; x_wconf 90' lang='lat' dir='ltr'>nonum</span> <span class='ocrx_word' id='word_1_103' title='bbox 571 945 838 988; x_wconf 86' lang='lat' dir='ltr'>&lt;dicendum&gt;</span> <span class='ocrx_word' id='word_1_104' title='bbox 864 946 973 990; x_wconf 89' lang='lat' dir='ltr'>quod</span> <span class='ocrx_word' id='word_1_105' title='bbox 1010 955 1100 981; x_wconf 92' lang='lat' dir='ltr'>cum</span> <span class='ocrx_word' id='word_1_106' title='bbox 1140 945 1286 981; x_wconf 79' lang='lat' dir='ltr'>dicitur</span> <span class='ocrx_word' id='word_1_107' title='bbox 1311 945 1448 981; x_wconf 91' lang='lat' dir='ltr'>anima</span> <span class='ocrx_word' id='word_1_108' title='bbox 1486 946 1573 982; x_wconf 90' lang='lat' dir='ltr'>tota</span> <span class='ocrx_word' id='word_1_109' title='bbox 1611 945 1682 982; x_wconf 90' lang='lat' dir='ltr'>niti</span> <span class='ocrx_word' id='word_1_110' title='bbox 1719 946 1786 982; x_wconf 92' lang='lat' dir='ltr'>ubi</span> 
     </span>
     <span class='ocr_line' id='line_1_14' title="bbox 98 1004 1785 1050; baseline 0 -9"><span class='ocrx_word' id='word_1_111' title='bbox 98 1004 237 1041; x_wconf 88' lang='lat' dir='ltr'>nititur</span> <span class='ocrx_word' id='word_1_112' title='bbox 262 1005 303 1041; x_wconf 91' lang='lat' dir='ltr'>et</span> <span class='ocrx_word' id='word_1_113' title='bbox 321 1005 408 1041; x_wconf 89' lang='lat' dir='ltr'>tota</span> <span class='ocrx_word' id='word_1_114' title='bbox 429 1005 616 1041; x_wconf 91' lang='lat' dir='ltr'>converti</span> <span class='ocrx_word' id='word_1_115' title='bbox 641 1004 734 1047; x_wconf 91' lang='lat' dir='ltr'>&lt;ubi</span> <span class='ocrx_word' id='word_1_116' title='bbox 760 1004 1046 1047; x_wconf 77' lang='lat' dir='ltr'>convertitur),</span> <span class='ocrx_word' id='word_1_117' title='bbox 1074 1014 1157 1040; x_wconf 91' lang='lat' dir='ltr'>non</span> <span class='ocrx_word' id='word_1_118' title='bbox 1180 1005 1411 1041; x_wconf 84' lang='lat' dir='ltr'>excluditur</span> <span class='ocrx_word' id='word_1_119' title='bbox 1430 1005 1674 1050; x_wconf 88' lang='lat' dir='ltr'>partibilitas</span> <span class='ocrx_word' id='word_1_120' title='bbox 1697 1005 1785 1042; x_wconf 87' lang='lat' dir='ltr'>eius</span> 
     </span>
     <span class='ocr_line' id='line_1_15' title="bbox 101 1062 1785 1109; baseline 0.001 -9"><span class='ocrx_word' id='word_1_121' title='bbox 101 1064 327 1100; x_wconf 90' lang='lat' dir='ltr'>secundum</span> <span class='ocrx_word' id='word_1_122' title='bbox 362 1062 473 1100; x_wconf 88' lang='lat' dir='ltr'>vires</span> <span class='ocrx_word' id='word_1_123' title='bbox 510 1065 553 1100; x_wconf 92' lang='lat' dir='ltr'>et</span> <span class='ocrx_word' id='word_1_124' title='bbox 588 1064 796 1109; x_wconf 85' lang='lat' dir='ltr'>potentias</span> <span class='ocrx_word' id='word_1_125' title='bbox 834 1065 902 1100; x_wconf 87' lang='lat' dir='ltr'>vel</span> <span class='ocrx_word' id='word_1_126' title='bbox 947 1065 1174 1101; x_wconf 87' lang='lat' dir='ltr'>secundum</span> <span class='ocrx_word' id='word_1_127' title='bbox 1219 1064 1477 1101; x_wconf 77' lang='lat' dir='ltr'>affectiones.</span> <span class='ocrx_word' id='word_1_128' title='bbox 1538 1064 1638 1101; x_wconf 92' lang='lat' dir='ltr'>Cum</span> <span class='ocrx_word' id='word_1_129' title='bbox 1677 1065 1785 1101; x_wconf 90' lang='lat' dir='ltr'>enim</span> 
     </span>
    </p>

    <p class='ocr_par' dir='ltr' id='par_1_7' title="bbox 49 1123 1787 1406">
     <span class='ocr_line' id='line_1_16' title="bbox 49 1123 1785 1168; baseline 0.001 -9"><span class='ocrx_word' id='word_1_130' title='bbox 49 1139 80 1164; x_wconf 78' lang='lat'>15</span> <span class='ocrx_word' id='word_1_131' title='bbox 100 1123 236 1160; x_wconf 88' lang='lat' dir='ltr'>anima</span> <span class='ocrx_word' id='word_1_132' title='bbox 250 1124 301 1159; x_wconf 93' lang='lat' dir='ltr'>ad</span> <span class='ocrx_word' id='word_1_133' title='bbox 316 1123 468 1168; x_wconf 89' lang='lat' dir='ltr'>aliquid</span> <span class='ocrx_word' id='word_1_134' title='bbox 484 1123 748 1165; x_wconf 88' lang='lat' dir='ltr'>convertitur,</span> <span class='ocrx_word' id='word_1_135' title='bbox 769 1133 848 1160; x_wconf 87' lang='lat' dir='ltr'>nec</span> <span class='ocrx_word' id='word_1_136' title='bbox 865 1125 1092 1160; x_wconf 90' lang='lat' dir='ltr'>secundum</span> <span class='ocrx_word' id='word_1_137' title='bbox 1112 1134 1276 1160; x_wconf 92' lang='lat' dir='ltr'>omnem</span> <span class='ocrx_word' id='word_1_138' title='bbox 1292 1124 1373 1160; x_wconf 90' lang='lat' dir='ltr'>vim</span> <span class='ocrx_word' id='word_1_139' title='bbox 1390 1134 1506 1161; x_wconf 90' lang='lat' dir='ltr'>suam</span> <span class='ocrx_word' id='word_1_140' title='bbox 1521 1125 1785 1165; x_wconf 85' lang='lat' dir='ltr'>convertitur,</span> 
     </span>
     <span class='ocr_line' id='line_1_17' title="bbox 99 1182 1785 1229; baseline 0.001 -11"><span class='ocrx_word' id='word_1_141' title='bbox 99 1192 177 1219; x_wconf 90' lang='lat' dir='ltr'>nec</span> <span class='ocrx_word' id='word_1_142' title='bbox 204 1183 431 1219; x_wconf 89' lang='lat' dir='ltr'>secundum</span> <span class='ocrx_word' id='word_1_143' title='bbox 457 1183 585 1219; x_wconf 86' lang='lat' dir='ltr'>totam</span> <span class='ocrx_word' id='word_1_144' title='bbox 606 1182 871 1219; x_wconf 76' lang='lat' dir='ltr'>affectionem</span> <span class='ocrx_word' id='word_1_145' title='bbox 893 1186 1045 1219; x_wconf 80' lang='lat' dir='ltr'>suaml.</span> <span class='ocrx_word' id='word_1_146' title='bbox 1085 1183 1166 1220; x_wconf 89' lang='lat' dir='ltr'>Sed</span> <span class='ocrx_word' id='word_1_147' title='bbox 1189 1194 1280 1220; x_wconf 89' lang='lat' dir='ltr'>cum</span> <span class='ocrx_word' id='word_1_148' title='bbox 1303 1183 1368 1220; x_wconf 88' lang='lat' dir='ltr'>hic</span> <span class='ocrx_word' id='word_1_149' title='bbox 1389 1184 1534 1220; x_wconf 91' lang='lat' dir='ltr'>dicitur</span> <span class='ocrx_word' id='word_1_150' title='bbox 1548 1184 1785 1229; x_wconf 86' lang='lat' dir='ltr'>&lt;simplex&gt;‚</span> 
     </span>
     <span class='ocr_line' id='line_1_18' title="bbox 100 1242 1785 1290; baseline 0.001 -12"><span class='ocrx_word' id='word_1_151' title='bbox 100 1242 371 1288; x_wconf 88' lang='lat' dir='ltr'>quantitativa</span> <span class='ocrx_word' id='word_1_152' title='bbox 409 1242 651 1287; x_wconf 86' lang='lat' dir='ltr'>partibilitas</span> <span class='ocrx_word' id='word_1_153' title='bbox 692 1243 922 1279; x_wconf 86' lang='lat' dir='ltr'>excluditur</span> <span class='ocrx_word' id='word_1_154' title='bbox 960 1245 1001 1279; x_wconf 90' lang='lat' dir='ltr'>et</span> <span class='ocrx_word' id='word_1_155' title='bbox 1039 1244 1260 1280; x_wconf 87' lang='lat' dir='ltr'>diversitas</span> <span class='ocrx_word' id='word_1_156' title='bbox 1304 1243 1472 1279; x_wconf 89' lang='lat' dir='ltr'>situalis.</span> <span class='ocrx_word' id='word_1_157' title='bbox 1544 1244 1648 1279; x_wconf 87' lang='lat' dir='ltr'>Tota</span> <span class='ocrx_word' id='word_1_158' title='bbox 1686 1253 1785 1290; x_wconf 87' lang='lat' dir='ltr'>ergo</span> 
     </span>
     <span class='ocr_line' id='line_1_19' title="bbox 100 1301 1787 1348; baseline 0.001 -11"><span class='ocrx_word' id='word_1_159' title='bbox 100 1302 239 1338; x_wconf 89' lang='lat' dir='ltr'>nititur</span> <span class='ocrx_word' id='word_1_160' title='bbox 265 1303 307 1338; x_wconf 92' lang='lat' dir='ltr'>et</span> <span class='ocrx_word' id='word_1_161' title='bbox 333 1301 586 1338; x_wconf 89' lang='lat' dir='ltr'>convertitur</span> <span class='ocrx_word' id='word_1_162' title='bbox 612 1302 707 1347; x_wconf 89' lang='lat' dir='ltr'>quia</span> <span class='ocrx_word' id='word_1_163' title='bbox 733 1312 817 1338; x_wconf 89' lang='lat' dir='ltr'>non</span> <span class='ocrx_word' id='word_1_164' title='bbox 844 1303 1072 1339; x_wconf 90' lang='lat' dir='ltr'>secundum</span> <span class='ocrx_word' id='word_1_165' title='bbox 1108 1305 1278 1348; x_wconf 89' lang='lat' dir='ltr'>partem,</span> <span class='ocrx_word' id='word_1_166' title='bbox 1315 1303 1375 1348; x_wconf 91' lang='lat' dir='ltr'>(ut</span> <span class='ocrx_word' id='word_1_167' title='bbox 1409 1303 1533 1339; x_wconf 90' lang='lat' dir='ltr'>homo</span> <span class='ocrx_word' id='word_1_168' title='bbox 1571 1304 1639 1348; x_wconf 86' lang='lat' dir='ltr'>qui</span> <span class='ocrx_word' id='word_1_169' title='bbox 1664 1303 1787 1339; x_wconf 88' lang='lat' dir='ltr'>vertit</span> 
     </span>
     <span class='ocr_line' id='line_1_20' title="bbox 99 1361 1787 1406; baseline 0.001 -9"><span class='ocrx_word' id='word_1_170' title='bbox 99 1361 247 1398; x_wconf 80' lang='lat' dir='ltr'>faciem</span> <span class='ocrx_word' id='word_1_171' title='bbox 286 1362 328 1397; x_wconf 92' lang='lat' dir='ltr'>et</span> <span class='ocrx_word' id='word_1_172' title='bbox 363 1371 446 1397; x_wconf 88' lang='lat' dir='ltr'>non</span> <span class='ocrx_word' id='word_1_173' title='bbox 472 1362 650 1406; x_wconf 90' lang='lat' dir='ltr'>corpus),</span> <span class='ocrx_word' id='word_1_174' title='bbox 689 1371 772 1398; x_wconf 92' lang='lat' dir='ltr'>non</span> <span class='ocrx_word' id='word_1_175' title='bbox 810 1363 947 1398; x_wconf 88' lang='lat' dir='ltr'>tamen</span> <span class='ocrx_word' id='word_1_176' title='bbox 985 1363 1213 1399; x_wconf 90' lang='lat' dir='ltr'>secundum</span> <span class='ocrx_word' id='word_1_177' title='bbox 1253 1372 1417 1399; x_wconf 90' lang='lat' dir='ltr'>omnem</span> <span class='ocrx_word' id='word_1_178' title='bbox 1446 1362 1526 1398; x_wconf 90' lang='lat' dir='ltr'>vim</span> <span class='ocrx_word' id='word_1_179' title='bbox 1552 1363 1692 1399; x_wconf 88' lang='lat' dir='ltr'>nititur</span> <span class='ocrx_word' id='word_1_180' title='bbox 1717 1365 1787 1399; x_wconf 91' lang='lat' dir='ltr'>aut</span> 
     </span>
    </p>

    <p class='ocr_par' dir='ltr' id='par_1_8' title="bbox 47 1421 1787 1576">
     <span class='ocr_line' id='line_1_21' title="bbox 47 1421 1787 1467; baseline 0.001 -11"><span class='ocrx_word' id='word_1_181' title='bbox 47 1435 82 1461; x_wconf 64' lang='grc' dir='ltr'>ρο</span> <span class='ocrx_word' id='word_1_182' title='bbox 103 1421 226 1457; x_wconf 90' lang='lat' dir='ltr'>etiam</span> <span class='ocrx_word' id='word_1_183' title='bbox 252 1422 480 1457; x_wconf 88' lang='lat' dir='ltr'>secundum</span> <span class='ocrx_word' id='word_1_184' title='bbox 506 1430 671 1457; x_wconf 89' lang='lat' dir='ltr'>omnem</span> <span class='ocrx_word' id='word_1_185' title='bbox 697 1421 889 1458; x_wconf 81' lang='lat' dir='ltr'>affectum</span> <span class='ocrx_word' id='word_1_186' title='bbox 917 1431 1046 1458; x_wconf 90' lang='lat' dir='ltr'>suum.</span> <span class='ocrx_word' id='word_1_187' title='bbox 1096 1422 1181 1458; x_wconf 90' lang='lat' dir='ltr'>Nec</span> <span class='ocrx_word' id='word_1_188' title='bbox 1209 1422 1333 1458; x_wconf 89' lang='lat' dir='ltr'>etiam</span> <span class='ocrx_word' id='word_1_189' title='bbox 1360 1421 1512 1458; x_wconf 79' lang='lat' dir='ltr'>frustra</span> <span class='ocrx_word' id='word_1_190' title='bbox 1537 1422 1787 1467; x_wconf 87' lang='lat' dir='ltr'>praecipitur</span> 
     </span>
     <span class='ocr_line' id='line_1_22' title="bbox 100 1480 1785 1517; baseline 0.001 -1"><span class='ocrx_word' id='word_1_191' title='bbox 100 1480 223 1517; x_wconf 87' lang='lat' dir='ltr'>homo</span> <span class='ocrx_word' id='word_1_192' title='bbox 251 1490 305 1516; x_wconf 88' lang='lat' dir='ltr'>ex</span> <span class='ocrx_word' id='word_1_193' title='bbox 330 1481 417 1516; x_wconf 92' lang='lat' dir='ltr'>toto</span> <span class='ocrx_word' id='word_1_194' title='bbox 445 1480 570 1516; x_wconf 89' lang='lat' dir='ltr'>corde</span> <span class='ocrx_word' id='word_1_195' title='bbox 598 1481 639 1516; x_wconf 92' lang='lat' dir='ltr'>et</span> <span class='ocrx_word' id='word_1_196' title='bbox 666 1490 720 1516; x_wconf 86' lang='lat' dir='ltr'>ex</span> <span class='ocrx_word' id='word_1_197' title='bbox 746 1481 832 1517; x_wconf 90' lang='lat' dir='ltr'>tota</span> <span class='ocrx_word' id='word_1_198' title='bbox 858 1481 995 1517; x_wconf 88' lang='lat' dir='ltr'>anima</span> <span class='ocrx_word' id='word_1_199' title='bbox 1023 1482 1063 1516; x_wconf 89' lang='lat' dir='ltr'>et</span> <span class='ocrx_word' id='word_1_200' title='bbox 1090 1491 1144 1517; x_wconf 89' lang='lat' dir='ltr'>ex</span> <span class='ocrx_word' id='word_1_201' title='bbox 1169 1483 1257 1517; x_wconf 90' lang='lat' dir='ltr'>tota</span> <span class='ocrx_word' id='word_1_202' title='bbox 1283 1483 1422 1517; x_wconf 89' lang='lat' dir='ltr'>mente</span> <span class='ocrx_word' id='word_1_203' title='bbox 1451 1482 1492 1517; x_wconf 91' lang='lat' dir='ltr'>et</span> <span class='ocrx_word' id='word_1_204' title='bbox 1519 1490 1574 1517; x_wconf 85' lang='lat' dir='ltr'>ex</span> <span class='ocrx_word' id='word_1_205' title='bbox 1597 1481 1785 1517; x_wconf 89' lang='lat' dir='ltr'>omnibus</span> 
     </span>
     <span class='ocr_line' id='line_1_23' title="bbox 101 1539 459 1576; baseline 0.003 -2"><span class='ocrx_word' id='word_1_206' title='bbox 101 1539 254 1575; x_wconf 90' lang='lat' dir='ltr'>viribus</span> <span class='ocrx_word' id='word_1_207' title='bbox 280 1549 420 1576; x_wconf 88' lang='lat' dir='ltr'>amare</span> <span class='ocrx_word' id='word_1_208' title='bbox 433 1541 459 1575; x_wconf 86' lang='lat'>2.</span> 
     </span>
    </p>

    <p class='ocr_par' dir='ltr' id='par_1_9' title="bbox 103 1598 1787 1705">
     <span class='ocr_line' id='line_1_24' title="bbox 241 1598 1786 1644; baseline 0.001 -9"><span class='ocrx_word' id='word_1_209' title='bbox 241 1599 297 1635; x_wconf 90' lang='lat'>10.</span> <span class='ocrx_word' id='word_1_210' title='bbox 333 1598 396 1635; x_wconf 91' lang='lat' dir='ltr'>Ad</span> <span class='ocrx_word' id='word_1_211' title='bbox 435 1599 637 1635; x_wconf 91' lang='lat' dir='ltr'>decimum</span> <span class='ocrx_word' id='word_1_212' title='bbox 677 1599 895 1635; x_wconf 89' lang='lat' dir='ltr'>dicendum</span> <span class='ocrx_word' id='word_1_213' title='bbox 933 1601 1042 1644; x_wconf 91' lang='lat' dir='ltr'>quod</span> <span class='ocrx_word' id='word_1_214' title='bbox 1085 1600 1258 1636; x_wconf 90' lang='lat' dir='ltr'>liberum</span> <span class='ocrx_word' id='word_1_215' title='bbox 1297 1600 1507 1636; x_wconf 88' lang='lat' dir='ltr'>arbitrium</span> <span class='ocrx_word' id='word_1_216' title='bbox 1547 1610 1601 1637; x_wconf 85' lang='lat' dir='ltr'>ex</span> <span class='ocrx_word' id='word_1_217' title='bbox 1639 1601 1786 1637; x_wconf 90' lang='lat' dir='ltr'>eadem</span> 
     </span>
     <span class='ocr_line' id='line_1_25' title="bbox 103 1657 1787 1705; baseline 0.001 -11"><span class='ocrx_word' id='word_1_218' title='bbox 103 1657 289 1703; x_wconf 85' lang='lat' dir='ltr'>potentia</span> <span class='ocrx_word' id='word_1_219' title='bbox 314 1658 591 1695; x_wconf 90' lang='lat' dir='ltr'>diversimode</span> <span class='ocrx_word' id='word_1_220' title='bbox 618 1658 769 1695; x_wconf 78' lang='lat' dir='ltr'>affecta</span> <span class='ocrx_word' id='word_1_221' title='bbox 795 1660 933 1704; x_wconf 90' lang='lat' dir='ltr'>potest</span> <span class='ocrx_word' id='word_1_222' title='bbox 960 1659 999 1695; x_wconf 89' lang='lat' dir='ltr'>in</span> <span class='ocrx_word' id='word_1_223' title='bbox 1026 1660 1179 1695; x_wconf 91' lang='lat' dir='ltr'>bonum</span> <span class='ocrx_word' id='word_1_224' title='bbox 1203 1662 1242 1695; x_wconf 88' lang='lat' dir='ltr'>et</span> <span class='ocrx_word' id='word_1_225' title='bbox 1263 1660 1425 1696; x_wconf 88' lang='lat' dir='ltr'>malum.</span> <span class='ocrx_word' id='word_1_226' title='bbox 1477 1659 1581 1700; x_wconf 88' lang='lat' dir='ltr'>Quia</span> <span class='ocrx_word' id='word_1_227' title='bbox 1600 1660 1641 1696; x_wconf 88' lang='lat' dir='ltr'>in</span> <span class='ocrx_word' id='word_1_228' title='bbox 1663 1670 1787 1705; x_wconf 88' lang='lat' dir='ltr'>quan-</span> 
     </span>
    </p>

    <p class='ocr_par' dir='ltr' id='par_1_10' title="bbox 49 1717 1786 1823">
     <span class='ocr_line' id='line_1_26' title="bbox 49 1717 1784 1764; baseline 0 -9"><span class='ocrx_word' id='word_1_229' title='bbox 49 1730 83 1755; x_wconf 73' lang='lat'>‘35</span> <span class='ocrx_word' id='word_1_230' title='bbox 103 1719 186 1753; x_wconf 90' lang='lat' dir='ltr'>tum</span> <span class='ocrx_word' id='word_1_231' title='bbox 206 1717 381 1754; x_wconf 84' lang='lat' dir='ltr'>afficitur</span> <span class='ocrx_word' id='word_1_232' title='bbox 401 1719 453 1754; x_wconf 92' lang='lat' dir='ltr'>ad</span> <span class='ocrx_word' id='word_1_233' title='bbox 472 1718 626 1754; x_wconf 91' lang='lat' dir='ltr'>bonum</span> <span class='ocrx_word' id='word_1_234' title='bbox 640 1718 941 1760; x_wconf 75' lang='lat' dir='ltr'>&lt;in-&gt;creatum</span> <span class='ocrx_word' id='word_1_235' title='bbox 965 1728 1091 1754; x_wconf 88' lang='lat' dir='ltr'>causa</span> <span class='ocrx_word' id='word_1_236' title='bbox 1113 1721 1176 1754; x_wconf 89' lang='lat' dir='ltr'>est</span> <span class='ocrx_word' id='word_1_237' title='bbox 1196 1719 1295 1755; x_wconf 91' lang='lat' dir='ltr'>boni</span> <span class='ocrx_word' id='word_1_238' title='bbox 1306 1726 1314 1762; x_wconf 87' lang='lat'>;</span> <span class='ocrx_word' id='word_1_239' title='bbox 1336 1719 1376 1755; x_wconf 94' lang='lat' dir='ltr'>in</span> <span class='ocrx_word' id='word_1_240' title='bbox 1396 1720 1592 1764; x_wconf 89' lang='lat' dir='ltr'>quantum</span> <span class='ocrx_word' id='word_1_241' title='bbox 1613 1728 1713 1755; x_wconf 87' lang='lat' dir='ltr'>vero</span> <span class='ocrx_word' id='word_1_242' title='bbox 1735 1719 1784 1755; x_wconf 90' lang='lat' dir='ltr'>ad</span> 
     </span>
     <span class='ocr_line' id='line_1_27' title="bbox 102 1776 1786 1823; baseline 0.001 -11"><span class='ocrx_word' id='word_1_243' title='bbox 102 1777 254 1812; x_wconf 88' lang='lat' dir='ltr'>bonum</span> <span class='ocrx_word' id='word_1_244' title='bbox 273 1779 318 1812; x_wconf 89' lang='lat' dir='ltr'>ut</span> <span class='ocrx_word' id='word_1_245' title='bbox 338 1787 458 1818; x_wconf 86' lang='lat' dir='ltr'>nunc,</span> <span class='ocrx_word' id='word_1_246' title='bbox 485 1779 549 1813; x_wconf 89' lang='lat' dir='ltr'>est</span> <span class='ocrx_word' id='word_1_247' title='bbox 570 1787 697 1813; x_wconf 88' lang='lat' dir='ltr'>causa</span> <span class='ocrx_word' id='word_1_248' title='bbox 718 1777 823 1813; x_wconf 89' lang='lat' dir='ltr'>mali.</span> <span class='ocrx_word' id='word_1_249' title='bbox 860 1776 909 1813; x_wconf 90' lang='lat' dir='ltr'>Et</span> <span class='ocrx_word' id='word_1_250' title='bbox 929 1780 992 1813; x_wconf 88' lang='lat' dir='ltr'>est</span> <span class='ocrx_word' id='word_1_251' title='bbox 1013 1778 1249 1814; x_wconf 74' lang='lat' dir='ltr'>defectibile</span> <span class='ocrx_word' id='word_1_252' title='bbox 1269 1779 1310 1814; x_wconf 88' lang='lat' dir='ltr'>in</span> <span class='ocrx_word' id='word_1_253' title='bbox 1332 1779 1529 1823; x_wconf 89' lang='lat' dir='ltr'>quantum</span> <span class='ocrx_word' id='word_1_254' title='bbox 1551 1787 1605 1814; x_wconf 85' lang='lat' dir='ltr'>ex</span> <span class='ocrx_word' id='word_1_255' title='bbox 1625 1778 1749 1814; x_wconf 90' lang='lat' dir='ltr'>nihilo</span> <span class='ocrx_word' id='word_1_256' title='bbox 1762 1780 1786 1813; x_wconf 75' lang='grc'>3.</span> 
     </span>
    </p>

    <p class='ocr_par' dir='ltr' id='par_1_11' title="bbox 103 1836 1788 2001">
     <span class='ocr_line' id='line_1_28' title="bbox 243 1836 1787 1882; baseline 0 -10"><span class='ocrx_word' id='word_1_257' title='bbox 243 1837 297 1872; x_wconf 92' lang='grc'>11.</span> <span class='ocrx_word' id='word_1_258' title='bbox 335 1836 397 1872; x_wconf 93' lang='lat' dir='ltr'>Ad</span> <span class='ocrx_word' id='word_1_259' title='bbox 429 1836 738 1879; x_wconf 87' lang='lat' dir='ltr'>&lt;undecimum&gt;</span> <span class='ocrx_word' id='word_1_260' title='bbox 771 1837 974 1873; x_wconf 90' lang='lat' dir='ltr'>obiectum</span> <span class='ocrx_word' id='word_1_261' title='bbox 1015 1838 1123 1882; x_wconf 88' lang='lat' dir='ltr'>quod</span> <span class='ocrx_word' id='word_1_262' title='bbox 1164 1839 1284 1881; x_wconf 86' lang='lat' dir='ltr'>„tunc</span> <span class='ocrx_word' id='word_1_263' title='bbox 1322 1837 1508 1873; x_wconf 86' lang='lat' dir='ltr'>defectus</span> <span class='ocrx_word' id='word_1_264' title='bbox 1547 1836 1680 1873; x_wconf 86' lang='lat' dir='ltr'>minor</span> <span class='ocrx_word' id='word_1_265' title='bbox 1725 1839 1787 1873; x_wconf 86' lang='lat' dir='ltr'>est</span> 
     </span>
     <span class='ocr_line' id='line_1_29' title="bbox 103 1895 1788 1941; baseline 0.001 -10"><span class='ocrx_word' id='word_1_266' title='bbox 103 1905 230 1932; x_wconf 89' lang='lat' dir='ltr'>causa</span> <span class='ocrx_word' id='word_1_267' title='bbox 266 1895 468 1937; x_wconf 85' lang='lat' dir='ltr'>maioris“‚</span> <span class='ocrx_word' id='word_1_268' title='bbox 507 1895 598 1932; x_wconf 91' lang='lat' dir='ltr'>dico</span> <span class='ocrx_word' id='word_1_269' title='bbox 637 1897 745 1940; x_wconf 86' lang='lat' dir='ltr'>quod</span> <span class='ocrx_word' id='word_1_270' title='bbox 786 1906 928 1932; x_wconf 91' lang='lat' dir='ltr'>verum</span> <span class='ocrx_word' id='word_1_271' title='bbox 968 1898 1033 1932; x_wconf 90' lang='lat' dir='ltr'>est</span> <span class='ocrx_word' id='word_1_272' title='bbox 1083 1906 1166 1932; x_wconf 89' lang='lat' dir='ltr'>non</span> <span class='ocrx_word' id='word_1_273' title='bbox 1205 1897 1433 1932; x_wconf 88' lang='lat' dir='ltr'>secundum</span> <span class='ocrx_word' id='word_1_274' title='bbox 1469 1906 1527 1938; x_wconf 90' lang='lat' dir='ltr'>se,</span> <span class='ocrx_word' id='word_1_275' title='bbox 1567 1897 1641 1933; x_wconf 92' lang='lat' dir='ltr'>sed</span> <span class='ocrx_word' id='word_1_276' title='bbox 1668 1898 1788 1941; x_wconf 85' lang='lat' dir='ltr'>prout</span> 
     </span>
     <span class='ocr_line' id='line_1_30' title="bbox 104 1955 1785 2001; baseline 0 -10"><span class='ocrx_word' id='word_1_277' title='bbox 104 1955 362 2000; x_wconf 85' lang='lat' dir='ltr'>coniungitur</span> <span class='ocrx_word' id='word_1_278' title='bbox 387 1955 599 2000; x_wconf 89' lang='lat' dir='ltr'>potentiae</span> <span class='ocrx_word' id='word_1_279' title='bbox 629 1956 829 1991; x_wconf 87' lang='lat' dir='ltr'>electivae</span> <span class='ocrx_word' id='word_1_280' title='bbox 857 1956 1030 1992; x_wconf 76' lang='lat' dir='ltr'>flexibili</span> <span class='ocrx_word' id='word_1_281' title='bbox 1056 1957 1107 1992; x_wconf 88' lang='lat' dir='ltr'>ad</span> <span class='ocrx_word' id='word_1_282' title='bbox 1128 1957 1357 2001; x_wconf 84' lang='lat' dir='ltr'>utrumque.</span> <span class='ocrx_word' id='word_1_283' title='bbox 1409 1956 1521 1992; x_wconf 90' lang='lat' dir='ltr'>Sicut</span> <span class='ocrx_word' id='word_1_284' title='bbox 1542 1956 1648 1992; x_wconf 90' lang='lat' dir='ltr'>enim</span> <span class='ocrx_word' id='word_1_285' title='bbox 1670 1956 1785 1991; x_wconf 89' lang='lat' dir='ltr'>actus</span> 
     </span>
    </p>

    <p class='ocr_par' dir='ltr' id='par_1_12' title="bbox 51 2014 1715 2060">
     <span class='ocr_line' id='line_1_31' title="bbox 51 2014 1715 2060; baseline -0.001 -8"><span class='ocrx_word' id='word_1_286' title='bbox 51 2027 85 2052; x_wconf 85' lang='lat'>30</span> <span class='ocrx_word' id='word_1_287' title='bbox 104 2014 216 2050; x_wconf 89' lang='lat' dir='ltr'>addit</span> <span class='ocrx_word' id='word_1_288' title='bbox 242 2024 367 2059; x_wconf 91' lang='lat' dir='ltr'>super</span> <span class='ocrx_word' id='word_1_289' title='bbox 391 2014 631 2059; x_wconf 87' lang='lat' dir='ltr'>potentiam,</span> <span class='ocrx_word' id='word_1_290' title='bbox 664 2015 723 2051; x_wconf 89' lang='lat' dir='ltr'>sic</span> <span class='ocrx_word' id='word_1_291' title='bbox 750 2014 937 2051; x_wconf 88' lang='lat' dir='ltr'>defectus</span> <span class='ocrx_word' id='word_1_292' title='bbox 964 2017 1081 2051; x_wconf 88' lang='lat' dir='ltr'>actus</span> <span class='ocrx_word' id='word_1_293' title='bbox 1109 2025 1234 2060; x_wconf 90' lang='lat' dir='ltr'>super</span> <span class='ocrx_word' id='word_1_294' title='bbox 1260 2015 1465 2051; x_wconf 83' lang='lat' dir='ltr'>defectum</span> <span class='ocrx_word' id='word_1_295' title='bbox 1492 2015 1715 2060; x_wconf 90' lang='lat' dir='ltr'>potentiae.</span> 
     </span>
    </p>

    <p class='ocr_par' dir='ltr' id='par_1_13' title="bbox 103 2074 1788 2238">
     <span class='ocr_line' id='line_1_32' title="bbox 245 2074 1785 2120; baseline 0 -10"><span class='ocrx_word' id='word_1_296' title='bbox 245 2075 299 2110; x_wconf 81' lang='lat'>12.</span> <span class='ocrx_word' id='word_1_297' title='bbox 336 2074 399 2110; x_wconf 93' lang='lat' dir='ltr'>Ad</span> <span class='ocrx_word' id='word_1_298' title='bbox 441 2074 550 2110; x_wconf 90' lang='lat' dir='ltr'>aliud</span> <span class='ocrx_word' id='word_1_299' title='bbox 587 2075 769 2117; x_wconf 86' lang='lat' dir='ltr'>&lt;scilicet</span> <span class='ocrx_word' id='word_1_300' title='bbox 806 2076 857 2110; x_wconf 92' lang='lat' dir='ltr'>ad</span> <span class='ocrx_word' id='word_1_301' title='bbox 898 2075 1187 2111; x_wconf 89' lang='lat' dir='ltr'>duodecimum</span> <span class='ocrx_word' id='word_1_302' title='bbox 1222 2075 1465 2117; x_wconf 88' lang='lat' dir='ltr'>dicendum&gt;</span> <span class='ocrx_word' id='word_1_303' title='bbox 1504 2076 1611 2120; x_wconf 91' lang='lat' dir='ltr'>quod</span> <span class='ocrx_word' id='word_1_304' title='bbox 1652 2075 1785 2111; x_wconf 88' lang='lat' dir='ltr'>motus</span> 
     </span>
     <span class='ocr_line' id='line_1_33' title="bbox 103 2133 1788 2180; baseline 0 -10"><span class='ocrx_word' id='word_1_305' title='bbox 103 2133 256 2179; x_wconf 89' lang='lat' dir='ltr'>primus</span> <span class='ocrx_word' id='word_1_306' title='bbox 295 2135 347 2170; x_wconf 86' lang='lat' dir='ltr'>ad</span> <span class='ocrx_word' id='word_1_307' title='bbox 382 2134 534 2170; x_wconf 90' lang='lat' dir='ltr'>malum</span> <span class='ocrx_word' id='word_1_308' title='bbox 571 2143 702 2180; x_wconf 88' lang='lat' dir='ltr'>agens</span> <span class='ocrx_word' id='word_1_309' title='bbox 730 2137 794 2170; x_wconf 90' lang='lat' dir='ltr'>est</span> <span class='ocrx_word' id='word_1_310' title='bbox 821 2134 883 2170; x_wconf 86' lang='lat' dir='ltr'>vis</span> <span class='ocrx_word' id='word_1_311' title='bbox 911 2134 1255 2179; x_wconf 87' lang='lat' dir='ltr'>concupiscibilis.</span> <span class='ocrx_word' id='word_1_312' title='bbox 1308 2133 1423 2175; x_wconf 85' lang='lat' dir='ltr'>Quae</span> <span class='ocrx_word' id='word_1_313' title='bbox 1460 2135 1598 2170; x_wconf 88' lang='lat' dir='ltr'>tamen</span> <span class='ocrx_word' id='word_1_314' title='bbox 1634 2134 1788 2170; x_wconf 85' lang='lat' dir='ltr'>malitia</span> 
     </span>
     <span class='ocr_line' id='line_1_34' title="bbox 105 2193 1529 2238; baseline -0.001 -9"><span class='ocrx_word' id='word_1_315' title='bbox 105 2203 188 2229; x_wconf 93' lang='lat' dir='ltr'>non</span> <span class='ocrx_word' id='word_1_316' title='bbox 215 2194 289 2235; x_wconf 89' lang='lat' dir='ltr'>est,</span> <span class='ocrx_word' id='word_1_317' title='bbox 316 2193 396 2229; x_wconf 89' lang='lat' dir='ltr'>nisi</span> <span class='ocrx_word' id='word_1_318' title='bbox 420 2193 462 2229; x_wconf 90' lang='lat' dir='ltr'>in</span> <span class='ocrx_word' id='word_1_319' title='bbox 489 2194 684 2238; x_wconf 89' lang='lat' dir='ltr'>quantum</span> <span class='ocrx_word' id='word_1_320' title='bbox 711 2195 825 2230; x_wconf 89' lang='lat' dir='ltr'>caret</span> <span class='ocrx_word' id='word_1_321' title='bbox 850 2194 989 2230; x_wconf 78' lang='lat' dir='ltr'>deblto</span> <span class='ocrx_word' id='word_1_322' title='bbox 1016 2194 1209 2236; x_wconf 86' lang='lat' dir='ltr'>&lt;ordine&gt;</span> <span class='ocrx_word' id='word_1_323' title='bbox 1236 2195 1287 2230; x_wconf 89' lang='lat' dir='ltr'>ad</span> <span class='ocrx_word' id='word_1_324' title='bbox 1314 2193 1529 2229; x_wconf 86' lang='lat' dir='ltr'>rationem.</span> 
     </span>
    </p>

    <p class='ocr_par' dir='ltr' id='par_1_14' title="bbox 246 2252 1787 2298">
     <span class='ocr_line' id='line_1_35' title="bbox 246 2252 1787 2298; baseline -0.001 -10"><span class='ocrx_word' id='word_1_325' title='bbox 246 2253 300 2288; x_wconf 91' lang='lat'>13.</span> <span class='ocrx_word' id='word_1_326' title='bbox 326 2252 389 2289; x_wconf 90' lang='lat' dir='ltr'>Ad</span> <span class='ocrx_word' id='word_1_327' title='bbox 414 2252 577 2288; x_wconf 90' lang='lat' dir='ltr'>tertium</span> <span class='ocrx_word' id='word_1_328' title='bbox 605 2253 807 2289; x_wconf 91' lang='lat' dir='ltr'>decimum</span> <span class='ocrx_word' id='word_1_329' title='bbox 841 2253 1059 2289; x_wconf 90' lang='lat' dir='ltr'>dicendum</span> <span class='ocrx_word' id='word_1_330' title='bbox 1098 2254 1206 2298; x_wconf 93' lang='lat' dir='ltr'>quod</span> <span class='ocrx_word' id='word_1_331' title='bbox 1246 2253 1354 2289; x_wconf 89' lang='lat' dir='ltr'>bene</span> <span class='ocrx_word' id='word_1_332' title='bbox 1394 2252 1579 2297; x_wconf 89' lang='lat' dir='ltr'>sequitur</span> <span class='ocrx_word' id='word_1_333' title='bbox 1618 2261 1671 2287; x_wconf 84' lang='lat' dir='ltr'>ex</span> <span class='ocrx_word' id='word_1_334' title='bbox 1709 2252 1787 2287; x_wconf 86' lang='lat' dir='ltr'>hoc</span> 
     </span>
    </p>

    <p class='ocr_par' dir='ltr' id='par_1_15' title="bbox 52 2310 1787 2416">
     <span class='ocr_line' id='line_1_36' title="bbox 52 2310 1787 2357; baseline -0.001 -9"><span class='ocrx_word' id='word_1_335' title='bbox 52 2323 86 2348; x_wconf 82' lang='lat'>35</span> <span class='ocrx_word' id='word_1_336' title='bbox 105 2310 323 2347; x_wconf 88' lang='lat' dir='ltr'>diversitas</span> <span class='ocrx_word' id='word_1_337' title='bbox 349 2311 495 2347; x_wconf 91' lang='lat' dir='ltr'>virium</span> <span class='ocrx_word' id='word_1_338' title='bbox 522 2312 563 2347; x_wconf 84' lang='lat' dir='ltr'>et</span> <span class='ocrx_word' id='word_1_339' title='bbox 587 2312 874 2357; x_wconf 85' lang='lat' dir='ltr'>potentiarum,</span> <span class='ocrx_word' id='word_1_340' title='bbox 900 2322 984 2348; x_wconf 91' lang='lat' dir='ltr'>non</span> <span class='ocrx_word' id='word_1_341' title='bbox 1010 2313 1147 2348; x_wconf 86' lang='lat' dir='ltr'>tamen</span> <span class='ocrx_word' id='word_1_342' title='bbox 1170 2311 1501 2349; x_wconf 80' lang='lat' dir='ltr'>substantiarum.</span> <span class='ocrx_word' id='word_1_343' title='bbox 1530 2311 1624 2355; x_wconf 85' lang='lat' dir='ltr'>quia</span> <span class='ocrx_word' id='word_1_344' title='bbox 1644 2311 1683 2346; x_wconf 89' lang='lat' dir='ltr'>in</span> <span class='ocrx_word' id='word_1_345' title='bbox 1706 2319 1787 2346; x_wconf 89' lang='lat' dir='ltr'>una</span> 
     </span>
     <span class='ocr_line' id='line_1_37' title="bbox 106 2370 1027 2416; baseline 0.001 -10"><span class='ocrx_word' id='word_1_346' title='bbox 106 2370 335 2407; x_wconf 89' lang='lat' dir='ltr'>substantia</span> <span class='ocrx_word' id='word_1_347' title='bbox 360 2372 536 2416; x_wconf 89' lang='lat' dir='ltr'>possunt</span> <span class='ocrx_word' id='word_1_348' title='bbox 563 2380 658 2407; x_wconf 87' lang='lat' dir='ltr'>esse</span> <span class='ocrx_word' id='word_1_349' title='bbox 686 2371 877 2407; x_wconf 83' lang='lat' dir='ltr'>diversae</span> <span class='ocrx_word' id='word_1_350' title='bbox 904 2371 1027 2407; x_wconf 88' lang='lat' dir='ltr'>vires.</span> 
     </span>
    </p>
   </div>
   <div class='ocr_carea' id='block_1_3' title="bbox 805 2451 1909 2499">
    <p class='ocr_par' dir='ltr' id='par_1_16' title="bbox 805 2451 1909 2499">
     <span class='ocr_line' id='line_1_38' title="bbox 805 2451 1909 2499; baseline -0.003 -9"><span class='ocrx_word' id='word_1_351' title='bbox 805 2454 1076 2499; x_wconf 87' lang='lat' dir='ltr'>Responsio.</span> <span class='ocrx_word' id='word_1_352' title='bbox 1812 2451 1854 2488; x_wconf 89' lang='lat' dir='ltr'>C.</span> <span class='ocrx_word' id='word_1_353' title='bbox 1870 2460 1909 2487; x_wconf 90' lang='lat' dir='ltr'>a.</span> 
     </span>
    </p>
   </div>
   <div class='ocr_carea' id='block_1_4' title="bbox 55 2524 1787 2799">
    <p class='ocr_par' dir='ltr' id='par_1_17' title="bbox 55 2524 1787 2799">
     <span class='ocr_line' id='line_1_39' title="bbox 245 2524 1787 2576; baseline -0.001 -15"><span class='ocrx_word' id='word_1_354' title='bbox 245 2524 307 2561; x_wconf 91' lang='lat' dir='ltr'>Ad</span> <span class='ocrx_word' id='word_1_355' title='bbox 334 2525 559 2576; x_wconf 83' lang='lat' dir='ltr'>secundam</span> <span class='ocrx_word' id='word_1_356' title='bbox 587 2525 873 2570; x_wconf 89' lang='lat' dir='ltr'>quaestionem</span> <span class='ocrx_word' id='word_1_357' title='bbox 901 2525 1119 2561; x_wconf 89' lang='lat' dir='ltr'>dicendum</span> <span class='ocrx_word' id='word_1_358' title='bbox 1147 2526 1254 2570; x_wconf 83' lang='lat' dir='ltr'>quod</span> <span class='ocrx_word' id='word_1_359' title='bbox 1282 2525 1390 2561; x_wconf 83' lang='lat' dir='ltr'>nullo</span> <span class='ocrx_word' id='word_1_360' title='bbox 1414 2525 1534 2560; x_wconf 87' lang='lat' dir='ltr'>modo</span> <span class='ocrx_word' id='word_1_361' title='bbox 1557 2524 1787 2560; x_wconf 88' lang='lat' dir='ltr'>conceden-</span> 
     </span>
     <span class='ocr_line' id='line_1_40' title="bbox 107 2578 999 2635; baseline -0.001 -15"><span class='ocrx_word' id='word_1_362' title='bbox 107 2585 201 2621; x_wconf 90' lang='lat' dir='ltr'>dum</span> <span class='ocrx_word' id='word_1_363' title='bbox 229 2585 292 2620; x_wconf 87' lang='lat' dir='ltr'>est</span> <span class='ocrx_word' id='word_1_364' title='bbox 317 2585 419 2620; x_wconf 89' lang='lat' dir='ltr'>duas</span> <span class='ocrx_word' id='word_1_365' title='bbox 432 2578 604 2635; x_wconf 37' lang='lat' dir='ltr'>{animas</span> <span class='ocrx_word' id='word_1_366' title='bbox 633 2593 728 2620; x_wconf 88' lang='lat' dir='ltr'>esse</span> <span class='ocrx_word' id='word_1_367' title='bbox 756 2584 795 2619; x_wconf 91' lang='lat' dir='ltr'>in</span> <span class='ocrx_word' id='word_1_368' title='bbox 822 2584 999 2620; x_wconf 90' lang='lat' dir='ltr'>homine.</span> 
     </span>
     <span class='ocr_line' id='line_1_41' title="bbox 55 2641 1787 2689; baseline -0.001 -11"><span class='ocrx_word' id='word_1_369' title='bbox 55 2653 89 2678; x_wconf 82' lang='lat'>40</span> <span class='ocrx_word' id='word_1_370' title='bbox 246 2643 380 2689; x_wconf 91' lang='lat' dir='ltr'>Aliqui</span> <span class='ocrx_word' id='word_1_371' title='bbox 406 2645 546 2679; x_wconf 88' lang='lat' dir='ltr'>tamen</span> <span class='ocrx_word' id='word_1_372' title='bbox 572 2644 805 2680; x_wconf 89' lang='lat' dir='ltr'>concedunt</span> <span class='ocrx_word' id='word_1_373' title='bbox 831 2644 1018 2680; x_wconf 87' lang='lat' dir='ltr'>diversas</span> <span class='ocrx_word' id='word_1_374' title='bbox 1058 2644 1100 2679; x_wconf 90' lang='lat' dir='ltr'>in</span> <span class='ocrx_word' id='word_1_375' title='bbox 1135 2653 1217 2679; x_wconf 89' lang='lat' dir='ltr'>uno</span> <span class='ocrx_word' id='word_1_376' title='bbox 1256 2642 1422 2679; x_wconf 90' lang='lat' dir='ltr'>homine</span> <span class='ocrx_word' id='word_1_377' title='bbox 1459 2641 1712 2678; x_wconf 87' lang='lat' dir='ltr'>substantias</span> <span class='ocrx_word' id='word_1_378' title='bbox 1747 2642 1787 2677; x_wconf 90' lang='lat' dir='ltr'>et</span> 
     </span>
     <span class='ocr_line' id='line_1_42' title="bbox 108 2701 1785 2747; baseline -0.001 -8"><span class='ocrx_word' id='word_1_379' title='bbox 108 2703 274 2739; x_wconf 89' lang='lat' dir='ltr'>naturas</span> <span class='ocrx_word' id='word_1_380' title='bbox 296 2702 540 2747; x_wconf 87' lang='lat' dir='ltr'>spirituales,</span> <span class='ocrx_word' id='word_1_381' title='bbox 566 2702 623 2739; x_wconf 91' lang='lat' dir='ltr'>ita</span> <span class='ocrx_word' id='word_1_382' title='bbox 654 2704 792 2738; x_wconf 87' lang='lat' dir='ltr'>tamen</span> <span class='ocrx_word' id='word_1_383' title='bbox 819 2704 939 2747; x_wconf 84' lang='lat' dir='ltr'>quod,</span> <span class='ocrx_word' id='word_1_384' title='bbox 974 2703 1078 2738; x_wconf 84' lang='lat' dir='ltr'>sicut</span> <span class='ocrx_word' id='word_1_385' title='bbox 1104 2712 1253 2747; x_wconf 89' lang='lat' dir='ltr'>corpus</span> <span class='ocrx_word' id='word_1_386' title='bbox 1282 2702 1492 2738; x_wconf 87' lang='lat' dir='ltr'>ordinatur</span> <span class='ocrx_word' id='word_1_387' title='bbox 1518 2702 1569 2737; x_wconf 86' lang='lat' dir='ltr'>ad</span> <span class='ocrx_word' id='word_1_388' title='bbox 1596 2701 1785 2739; x_wconf 81' lang='lat' dir='ltr'>animam,</span> 
     </span>
     <span class='ocr_line' id='line_1_43' title="bbox 109 2761 670 2799; baseline 0 -2"><span class='ocrx_word' id='word_1_389' title='bbox 109 2761 167 2798; x_wconf 90' lang='lat' dir='ltr'>sic</span> <span class='ocrx_word' id='word_1_390' title='bbox 193 2771 275 2798; x_wconf 89' lang='lat' dir='ltr'>una</span> <span class='ocrx_word' id='word_1_391' title='bbox 299 2761 436 2799; x_wconf 87' lang='lat' dir='ltr'>anima</span> <span class='ocrx_word' id='word_1_392' title='bbox 461 2762 512 2797; x_wconf 88' lang='lat' dir='ltr'>ad</span> <span class='ocrx_word' id='word_1_393' title='bbox 539 2761 670 2798; x_wconf 90' lang='lat' dir='ltr'>aliam.</span> 
     </span>
    </p>
   </div>
   <div class='ocr_carea' id='block_1_5' title="bbox 111 2830 1785 3024">
    <p class='ocr_par' dir='ltr' id='par_1_18' title="bbox 111 2830 1785 3024">
     <span class='ocr_line' id='line_1_44' title="bbox 247 2830 1785 2887; baseline -0.001 -7"><span class='ocrx_word' id='word_1_394' title='bbox 247 2849 266 2880; x_wconf 83' lang='lat'>2</span> <span class='ocrx_word' id='word_1_395' title='bbox 293 2847 493 2886; x_wconf 82' lang='lat' dir='ltr'>accidente]</span> <span class='ocrx_word' id='word_1_396' title='bbox 528 2848 659 2880; x_wconf 79' lang='lat' dir='ltr'>aclinte</span> <span class='ocrx_word' id='word_1_397' title='bbox 756 2848 774 2879; x_wconf 83' lang='lat'><strong>3</strong></span> <span class='ocrx_word' id='word_1_398' title='bbox 802 2847 1096 2887; x_wconf 77' lang='lat' dir='ltr'>immoderamen]</span> <span class='ocrx_word' id='word_1_399' title='bbox 1124 2847 1454 2880; x_wconf 85' lang='lat' dir='ltr'>immoderaminem</span> <span class='ocrx_word' id='word_1_400' title='bbox 1556 2847 1595 2878; x_wconf 75' lang='grc'>12</span> <span class='ocrx_word' id='word_1_401' title='bbox 1624 2845 1696 2884; x_wconf 81' lang='lat' dir='ltr'>ubi]</span> <span class='ocrx_word' id='word_1_402' title='bbox 1723 2830 1785 2878; x_wconf 62' lang='lat' dir='ltr'>&#39;sibi</span> 
     </span>
     <span class='ocr_line' id='line_1_45' title="bbox 111 2899 704 2941; baseline -0.002 -8"><span class='ocrx_word' id='word_1_403' title='bbox 111 2901 153 2933; x_wconf 88' lang='lat'>18</span> <span class='ocrx_word' id='word_1_404' title='bbox 181 2899 277 2940; x_wconf 82' lang='lat' dir='ltr'>quia]</span> <span class='ocrx_word' id='word_1_405' title='bbox 305 2901 401 2941; x_wconf 90' lang='lat' dir='ltr'>quod</span> <span class='ocrx_word' id='word_1_406' title='bbox 497 2901 540 2933; x_wconf 87' lang='lat'>19</span> <span class='ocrx_word' id='word_1_407' title='bbox 567 2900 640 2939; x_wconf 87' lang='lat' dir='ltr'>aut]</span> <span class='ocrx_word' id='word_1_408' title='bbox 666 2903 704 2932; x_wconf 89' lang='lat' dir='ltr'>ut</span> 
     </span>
     <span class='ocr_line' id='line_1_46' title="bbox 249 2958 1570 3024; baseline -0.001 -9"><span class='ocrx_word' id='word_1_409' title='bbox 249 2982 261 3005; x_wconf 92' lang='lat'>¹</span> <span class='ocrx_word' id='word_1_410' title='bbox 288 2983 359 3015; x_wconf 81' lang='lat' dir='ltr'>Cfr.</span> <span class='ocrx_word' id='word_1_411' title='bbox 385 2958 556 3022; x_wconf 51' lang='lat' dir='ltr'>Boxffi„</span> <span class='ocrx_word' id='word_1_412' title='bbox 587 2983 652 3024; x_wconf 84' lang='lat' dir='ltr'>Op.</span> <span class='ocrx_word' id='word_1_413' title='bbox 680 2992 778 3015; x_wconf 78' lang='lat' dir='ltr'>omn.</span> <span class='ocrx_word' id='word_1_414' title='bbox 805 2983 843 3022; x_wconf 86' lang='lat' dir='ltr'>ll,</span> <span class='ocrx_word' id='word_1_415' title='bbox 871 2983 974 3016; x_wconf 77' lang='lat' dir='ltr'>966a</span> <span class='ocrx_word' id='word_1_416' title='bbox 999 2982 1061 3022; x_wconf 74' lang='lat'><strong>(4).</strong></span> <span class='ocrx_word' id='word_1_417' title='bbox 1205 2983 1219 3004; x_wconf 82' lang='lat'>&#39;-’</span> <span class='ocrx_word' id='word_1_418' title='bbox 1246 2983 1316 3015; x_wconf 80' lang='lat' dir='ltr'>Cfr.</span> <span class='ocrx_word' id='word_1_419' title='bbox 1344 2983 1406 3015; x_wconf 91' lang='lat' dir='ltr'>Mt.</span> <span class='ocrx_word' id='word_1_420' title='bbox 1435 2982 1488 3021; x_wconf 82' lang='lat'>22,</span> <span class='ocrx_word' id='word_1_421' title='bbox 1517 2982 1570 3014; x_wconf 86' lang='lat'>37.</span> 
     </span>
    </p>
   </div>
   <div class='ocr_carea' id='block_1_6' title="bbox 248 3034 1785 3077">
    <p class='ocr_par' dir='ltr' id='par_1_19' title="bbox 248 3034 1785 3077">
     <span class='ocr_line' id='line_1_47' title="bbox 248 3034 1785 3077; baseline -0.001 -9"><span class='ocrx_word' id='word_1_422' title='bbox 248 3035 263 3057; x_wconf 75' lang='lat'>³</span> <span class='ocrx_word' id='word_1_423' title='bbox 287 3036 402 3077; x_wconf 87' lang='lat' dir='ltr'>Aug.‚</span> <span class='ocrx_word' id='word_1_424' title='bbox 439 3036 493 3068; x_wconf 81' lang='lat' dir='ltr'>De</span> <span class='ocrx_word' id='word_1_425' title='bbox 522 3036 599 3068; x_wconf 80' lang='lat' dir='ltr'>Lib.</span> <span class='ocrx_word' id='word_1_426' title='bbox 631 3035 718 3069; x_wconf 80' lang='lat' dir='ltr'>Arb.</span> <span class='ocrx_word' id='word_1_427' title='bbox 751 3036 790 3075; x_wconf 91' lang='lat' dir='ltr'>II,</span> <span class='ocrx_word' id='word_1_428' title='bbox 818 3036 860 3068; x_wconf 89' lang='grc'>20</span> <span class='ocrx_word' id='word_1_429' title='bbox 899 3035 970 3073; x_wconf 86' lang='lat' dir='ltr'>(PL</span> <span class='ocrx_word' id='word_1_430' title='bbox 997 3037 1050 3074; x_wconf 77' lang='lat'>32,</span> <span class='ocrx_word' id='word_1_431' title='bbox 1079 3036 1168 3068; x_wconf 75' lang='grc'>1269</span> <span class='ocrx_word' id='word_1_432' title='bbox 1195 3045 1228 3069; x_wconf 91' lang='lat' dir='ltr'>n.</span> <span class='ocrx_word' id='word_1_433' title='bbox 1258 3035 1332 3073; x_wconf 65' lang='lat' dir='ltr'>Mi:</span> <span class='ocrx_word' id='word_1_434' title='bbox 1372 3036 1422 3067; x_wconf 74' lang='lat' dir='ltr'>De</span> <span class='ocrx_word' id='word_1_435' title='bbox 1450 3035 1524 3067; x_wconf 73' lang='lat' dir='ltr'>Civ.</span> <span class='ocrx_word' id='word_1_436' title='bbox 1559 3035 1630 3071; x_wconf 76' lang='grc' dir='ltr'>ΧΠ,</span> <span class='ocrx_word' id='word_1_437' title='bbox 1658 3035 1676 3065; x_wconf 76' lang='lat'>(3</span> <span class='ocrx_word' id='word_1_438' title='bbox 1705 3036 1740 3066; x_wconf 87' lang='lat' dir='ltr'>ct</span> <span class='ocrx_word' id='word_1_439' title='bbox 1767 3034 1785 3066; x_wconf 83' lang='lat'>8</span> 
     </span>
    </p>
   </div>
   <div class='ocr_carea' id='block_1_7' title="bbox 109 3081 1645 3167">
    <p class='ocr_par' dir='ltr' id='par_1_20' title="bbox 109 3081 1645 3167">
     <span class='ocr_line' id='line_1_48' title="bbox 109 3081 1645 3167; baseline 0.014 -45"><span class='ocrx_word' id='word_1_440' title='bbox 109 3081 180 3122; x_wconf 81' lang='lat' dir='ltr'>(PL</span> <span class='ocrx_word' id='word_1_441' title='bbox 206 3090 258 3126; x_wconf 78' lang='lat'>41,</span> <span class='ocrx_word' id='word_1_442' title='bbox 287 3089 352 3121; x_wconf 78' lang='lat'>353</span> <span class='ocrx_word' id='word_1_443' title='bbox 368 3088 471 3128; x_wconf 53' lang='lat' dir='ltr'>seq).</span> <span class='ocrx_word' id='word_1_444' title='bbox 1596 3136 1613 3167; x_wconf 39' lang='grc' dir='ltr'>,ἶ</span> <span class='ocrx_word' id='word_1_445' title='bbox 1631 3135 1645 3150; x_wconf 69' lang='grc'><strong><em>,</em></strong></span> 
     </span>
    </p>
   </div>
  </div>
 </body>
</html>
