2095 3459
813 191 985 230 Quaestio
1012 194 1050 226 x.
1721 191 1767 227 93

91 290 250 331 format,
277 290 341 325 est
368 289 463 334 quia
489 289 702 335 colligatur
728 300 815 326 cum
838 300 1010 335 corpore
1033 290 1071 326 in
1095 291 1266 326 eandem
1294 291 1528 327 essentiam.
1568 291 1767 336 Separata

92 359 174 385 non
202 349 325 384 habet
350 348 527 393 aliquam
554 349 867 395 colligationem.
916 349 1021 395 Ergo
1050 351 1124 386 etc.

232 408 414 452 Amplius
451 417 530 444 nec
563 408 750 453 recipere
785 409 921 453 potest
957 410 1158 453 separata,
1198 410 1292 454 quia
1326 409 1508 454 receptio
1549 410 1589 445 et
1626 410 1765 455 passio

90 468 199 504 inest
224 467 344 503 alicui
369 467 529 503 ratione
556 467 764 504 materiae.
815 467 932 504 Unde
959 468 1081 507 calor,
1108 468 1223 513 <qui>
1249 469 1289 504 in
1324 469 1486 514 agendo
1515 469 1674 513 patitur,
1713 478 1766 505 ex

56 534 72 559 5
92 526 263 563 materia
289 528 445 562 tantum
472 527 546 562 est.
598 526 702 567 Quia
728 527 762 562 si
789 528 902 563 esset
927 536 952 562 a
978 527 1149 563 materia
1175 529 1402 572 separatus,
1429 529 1573 573 ageret
1597 529 1765 570 tantum,

91 587 131 622 et
157 595 241 622 non
267 586 489 630 pateretur.
537 585 643 632 Ergo
683 596 774 622 cum
809 587 848 621 in
884 595 1012 622 sensu
1046 587 1208 622 animae
1244 587 1487 623 coniunctae
1521 588 1767 623 concurrant

90 645 197 681 actio
225 646 265 681 et
291 645 444 690 passio,
482 645 517 681 si
543 645 679 681 anima
706 645 905 681 sensitiva
931 646 1203 693 separaretur,
1242 646 1385 691 ageret
1419 646 1574 682 tantum
1609 647 1649 682 et
1684 656 1766 682 non

90 705 310 749 pateretur.

795 769 1063 814 Responsio.
1792 772 1836 810 C.

40 851 72 877 10
233 840 427 881 Quamvis
453 841 495 877 in
515 841 593 877 ista
612 840 857 886 quaestione
885 840 1035 876 multae
1062 841 1156 876 sunt
1176 840 1405 886 positiones
1422 842 1441 882 ¹,
1463 850 1607 877 omnes
1627 841 1764 879 tamen

90 899 311 936 fundantur
336 909 463 945 super
488 900 590 936 duas
615 899 777 936 radices
805 899 1043 935 contrarias.

231 957 411 1000 Quarum
430 968 513 995 una
532 958 723 995 fundatur
741 967 865 1003 super
878 959 1007 994 verba
1026 958 1362 1004 philosophorum
1385 959 1624 1004 ponentium
1645 960 1765 1005 quod,

91 1018 195 1054 sicut
221 1018 334 1054 solus
359 1018 591 1054 intellectus
611 1018 652 1054 in
672 1017 837 1054 homine
859 1018 1212 1062 supplementatur
1230 1019 1282 1055 ab
1304 1018 1549 1061 extrinseco,
1576 1019 1633 1055 ita
1653 1019 1766 1055 solus

91 1078 306 1122 separatur
331 1086 357 1113 a
383 1077 583 1113 sensitiva
619 1078 660 1113 et
690 1077 927 1122 vegetativa
961 1077 1150 1119 humana,
1186 1077 1290 1113 sicut
1324 1077 1586 1123 corruptibile
1622 1078 1674 1114 ab
1710 1078 1767 1114 in-

39 1146 72 1173 15
91 1135 352 1181 corruptibili,
380 1137 421 1172 et
447 1137 556 1183 quod
582 1137 711 1172 totum
737 1136 846 1181 quod
873 1137 935 1172 est
962 1145 1178 1172 commune
1204 1136 1323 1172 nobis
1351 1137 1392 1172 et
1416 1137 1560 1173 bestiis
1587 1137 1766 1178 moritur,

90 1195 132 1232 in
169 1195 474 1231 resurrectione
512 1196 651 1231 tamen
690 1195 981 1231 suscitandum.
1043 1194 1243 1235 Quoniam
1281 1195 1361 1231 nisi
1398 1196 1449 1232 de
1487 1196 1653 1232 homine
1688 1196 1767 1232 ista

91 1254 276 1291 educitur
302 1255 353 1290 de
379 1254 565 1299 potentia
590 1254 800 1296 materiae,
837 1255 934 1290 tunc
971 1254 1121 1290 animal
1157 1263 1240 1290 non
1274 1253 1480 1290 diceretur
1510 1254 1687 1290 univoce
1715 1255 1766 1290 de

90 1313 256 1350 homine
277 1314 318 1349 et
337 1313 439 1350 aliis.
477 1313 582 1349 Dicit
602 1322 702 1359 ergo
721 1312 1075 1358 Philosophus2
1101 1313 1209 1358 quod
1231 1312 1376 1349 mulier
1394 1322 1468 1358 per
1495 1322 1540 1349 se
1563 1322 1766 1359 generare
1814 1337 1815 1340 =

91 1382 174 1409 non
194 1373 342 1418 potest,
363 1372 458 1418 quia
472 1382 556 1408 non
570 1373 706 1417 potest
725 1373 825 1408 dare
845 1372 1022 1409 animam
1043 1372 1294 1408 sensitivam.
1328 1372 1390 1408 Ex
1409 1382 1488 1417 quo
1503 1372 1569 1408 vel
1589 1381 1766 1408 necesse

37 1438 72 1465 20
93 1433 157 1468 est
182 1432 319 1468 dicere
347 1431 478 1468 solum
504 1431 756 1468 intellectum
782 1441 950 1468 manere
976 1432 1071 1477 post
1097 1432 1280 1473 mortem,
1319 1431 1385 1467 vel
1411 1431 1452 1467 in
1477 1431 1643 1468 homine
1671 1440 1766 1467 esse

92 1490 294 1536 duplicem
320 1490 562 1527 sensitivam
589 1491 629 1526 et
649 1490 937 1536 vegetativam,
964 1500 1087 1527 unam
1106 1490 1287 1536 genitam
1312 1491 1353 1526 et
1378 1490 1546 1526 alteram
1575 1491 1766 1526 creatam.

229 1550 319 1586 Alia
346 1551 409 1586 est
434 1549 596 1595 positio,
624 1559 730 1595 quae
756 1550 917 1586 videtur
942 1549 1048 1586 trahi
1074 1549 1125 1585 de
1151 1549 1290 1586 verbis
1311 1548 1632 1585 Cassiodori3
1658 1549 1766 1594 quod

91 1609 230 1646 anima
254 1610 341 1645 tota
367 1610 591 1654 separatur.

233 1667 310 1709 Qui
324 1678 423 1714 ergo
439 1668 577 1704 dicunt
592 1668 723 1704 solum
737 1668 988 1704 intellectum
1002 1667 1197 1713 separari,
1213 1667 1351 1703 dicunt
1364 1667 1497 1712 ipsum
1512 1676 1767 1712 cognoscere

38 1733 73 1760 25
93 1727 315 1773 singularia
339 1737 414 1773 per
445 1727 576 1772 ipsam
611 1727 693 1764 vim
728 1737 843 1763 suam
878 1727 1181 1768 intellectivam,
1219 1736 1300 1771 qua
1338 1735 1593 1772 cognoscere
1631 1726 1768 1771 potest

91 1796 175 1822 non
199 1786 356 1823 tantum
380 1786 641 1828 universalia,
669 1787 743 1822 sed
769 1786 940 1828 <etiam>
967 1785 1200 1832 singularia.

125 1838 129 1840 ’
231 1845 375 1882 Modus
401 1846 539 1881 autem
564 1845 777 1890 bipartitus
806 1846 879 1881 est.
930 1844 1049 1881 Alii4
1084 1844 1193 1881 enim
1228 1844 1366 1881 dicunt
1400 1844 1652 1880 intellectum
1677 1843 1768 1888 ipsa

93 1904 354 1949 separatione
377 1904 570 1950 coniungi
591 1914 682 1940 cum
701 1905 852 1940 mundo
874 1904 1115 1949 intelligibili
1134 1904 1175 1939 et
1194 1913 1284 1940 cum
1305 1903 1544 1939 substantiis
1566 1902 1767 1947 separatis

92 1964 159 2000 vel
186 1963 462 2009 spiritualibus
491 1965 531 1999 et
557 1963 612 1999 ibi
631 1964 774 2000 videre
801 1964 938 1999 omnia
965 1962 1234 2008 particularia.
1286 1962 1403 2003 Quod
1423 1961 1584 1998 videtur
1603 1961 1767 2007 probari

40 2034 75 2060 30
92 2031 167 2068 per
191 2023 414 2059 Avicenn
426 2032 500 2059 am
526 2022 730 2059 dicentem
750 2022 816 2059 IX.
837 2022 1041 2067 Metaph.5
1067 2032 1154 2067 cap.
1174 2021 1334 2058 ultimo:
1362 2020 1584 2065 „Perfectio
1605 2020 1766 2056 animae

93 2082 304 2118 rationalis
332 2083 406 2123 est,
433 2082 476 2117 ut
500 2081 571 2117 fiat
598 2091 651 2118 ex
678 2091 729 2118 ea
754 2081 965 2126 speculum
990 2080 1242 2127 intelligibile
1270 2081 1310 2116 et
1336 2079 1620 2116 consideretur
1646 2079 1687 2114 in
1717 2088 1768 2115 ea

93 2141 225 2177 forma
249 2141 385 2177 totius.
433 2140 482 2176 Et
516 2141 582 2183 ita,
619 2151 710 2177 cum
734 2140 856 2176 fuerIt
882 2141 1075 2185 separata
1099 2149 1125 2176 a
1150 2148 1334 2184 corpore,
1370 2137 1604 2183 perficietur
1638 2138 1679 2174 in
1706 2147 1766 2174 ea›

95 2200 291 2245 quantum
316 2199 514 2245 possibile
541 2200 605 2235 est
630 2199 863 2245 consequi.“
915 2198 997 2235 Sed
1023 2199 1184 2235 contra:
1224 2198 1265 2234 Si
1299 2198 1358 2234 sic
1393 2197 1529 2233 anima
1555 2196 1768 2242 cognoscit

95 2260 288 2304 separata
313 2259 354 2294 in
379 2259 503 2295 rebus
531 2259 821 2304 superioribus,
848 2260 917 2295 aut
942 2258 983 2294 in
1008 2257 1167 2304 angelis
1193 2258 1263 2293 aut
1288 2257 1328 2292 in
1348 2256 1448 2292 Deo.
1487 2256 1529 2292 Si
1548 2256 1588 2291 in
1609 2255 1765 2301 angelis

42 2328 76 2353 35
97 2339 139 2342 —
168 2327 266 2364 ergo
294 2318 329 2354 si
354 2327 438 2354 non
465 2318 607 2354 essent
631 2318 779 2364 angeli,
805 2317 941 2354 anima
966 2317 1063 2353 nihil
1088 2316 1232 2362 posset
1258 2322 1530 2361 cognoscere;
1570 2314 1604 2350 si
1630 2315 1766 2350 autem

96 2376 235 2413 videat
258 2376 339 2412 ista
363 2376 623 2422 particularia
647 2377 689 2412 in
714 2377 803 2413 Deo
828 2397 874 2401 -—
900 2377 974 2412 sed
1000 2376 1109 2412 idem
1135 2374 1378 2420 particulare
1404 2375 1526 2409 modo
1563 2381 1608 2408 se
1642 2373 1767 2409 habet

95 2444 178 2471 uno
214 2435 348 2476 modo,
388 2434 509 2471 modo
547 2434 625 2471 alio
661 2434 877 2471 contrario.
926 2433 1031 2479 Ergo
1065 2433 1101 2469 si
1134 2434 1212 2469 hoc
1237 2432 1349 2468 videt
1374 2432 1415 2467 in
1439 2431 1589 2468 lumine
1616 2431 1764 2473 divino,

97 2494 261 2538 oportet
285 2493 395 2538 quod
420 2493 592 2538 attingat
615 2493 799 2529 rationes
826 2493 984 2529 divinas
1010 2501 1157 2534 rerum,
1192 2491 1415 2527 secundum
1447 2491 1555 2535 quod
1587 2491 1681 2526 sunt
1705 2499 1766 2526 re-

96 2552 430 2597 praesentativae
465 2561 601 2588 rerum
634 2552 817 2597 perfecte
853 2551 941 2587 sive
978 2550 1087 2587 omni
1113 2550 1464 2586 determinatione.
1512 2550 1630 2595 Ipsae
1658 2549 1765 2585 enim

238 2650 280 2682 16
307 2649 481 2687 Quoniam
507 2649 589 2688 nisi]
615 2649 685 2682 nisi
711 2649 880 2690 quoniam
962 2648 1003 2680 18
1029 2647 1108 2689 per]
1134 2648 1254 2688 potest
1337 2647 1380 2680 26
1406 2646 1616 2688 singularia]
1639 2646 1676 2690 —1—
1700 2647 1765 2680 sed

99 2703 207 2736 etiam
232 2703 455 2736 universalia
527 2703 569 2735 31
596 2701 857 2740 consideretur]
883 2701 1110 2734 desideratur
1187 2700 1229 2733 33
1257 2699 1440 2740 quantum]
1467 2709 1574 2740 quam
1646 2700 1689 2732 34
1716 2699 1764 2738 Sil

98 2755 170 2788 Sed
264 2756 307 2789 39
333 2755 425 2794 sive]
451 2755 517 2788 sed

238 2849 251 2872 1
277 2850 347 2883 Cir.
367 2851 538 2889 Bonav.,
562 2849 627 2891 Op.
643 2858 741 2882 omn.
756 2849 812 2888 IV,
828 2848 916 2881 1047
938 2846 1139 2888 (scholion).
1280 2845 1295 2868 2
1319 2846 1371 2879 De
1386 2846 1471 2879 Gen.
1485 2846 1649 2879 Animal.
1669 2846 1694 2886 Ι,
1710 2847 1762 2879 19.

238 2902 253 2925 3
277 2903 368 2936 Vide
393 2911 506 2944 supra
530 2912 565 2943 p.
592 2902 634 2935 88
660 2903 733 2934 not.
761 2902 791 2935 3.
841 2901 911 2934 Cfr.
945 2901 1052 2934 etiam
1083 2900 1136 2932 De
1166 2899 1263 2940 spir.
1294 2900 1329 2932 et
1357 2898 1506 2935 Am‘ma,
1532 2907 1561 2931 c.
1589 2899 1632 2931 30
1657 2898 1765 2937 (inter

101 2964 215 2996 opera
238 2954 504 2997 Augustini).

239 3007 254 3029 4
278 3008 369 3040 Vide
388 3008 485 3048 apud
502 3008 672 3047 Bonav.,
696 3007 760 3048 Op.
783 3015 880 3039 omn.
901 3005 957 3044 IV,
973 3005 1061 3038 1047
1076 3002 1269 3044 (scholion)
1282 3004 1496 3037 sententiam
1516 3012 1544 3036 s.
1564 3003 1762 3036 Thomae.

238 3060 254 3083 5
278 3060 333 3100 IX,
361 3061 392 3093 7.
