2095 3459
316 205 382 240 190
663 253 665 256 .
825 203 1000 239 Johannis
1028 207 1195 239 Pechami
1221 203 1473 244 Quaestiones.

454 302 665 343 Quaedam
692 303 799 339 enim
827 304 891 339 est
916 302 1047 339 forma
1073 312 1179 347 quae
1205 303 1364 348 perficit
1391 305 1431 339 et
1454 304 1688 339 extenditur
1709 305 1749 339 et
1770 304 1985 348 dependet.

313 362 360 397 Et
386 362 480 406 quia
505 361 665 407 perficit
683 371 758 407 per
778 362 1078 402 extensionem,
1106 361 1388 406 operationem
1408 362 1532 398 totius
1554 362 1778 398 secundum
1806 363 1986 407 speciem

312 421 449 456 tribuit
483 420 647 457 cuilibet
681 421 796 466 parti.
855 420 972 456 Unde
1009 420 1216 465 quaelibet
1249 430 1344 465 pars
1380 421 1485 466 ignis
1519 422 1583 457 est
1617 421 1734 466 ignis.
1786 421 1866 457 Sed
1893 421 1988 466 quia

313 480 522 524 dependet
547 489 621 524 per
648 480 883 519 essentiam,
911 489 993 515 non
1019 480 1145 515 habet
1171 479 1454 523 operationem
1480 479 1558 515 nisi
1578 479 1785 515 mediante
1813 488 1986 524 corpore

314 538 562 574 concretive.
612 538 730 575 Unde
757 548 840 574 non
867 539 1004 583 potest
1030 547 1126 574 esse
1152 539 1285 574 motor
1309 538 1463 583 proprii
1489 538 1672 574 subiecti.
2004 542 2020 567 5

454 597 544 633 Alia
571 599 635 633 est
659 597 790 633 forma
816 607 921 643 quae
948 597 1108 642 perficit
1134 598 1174 633 et
1200 598 1417 642 dependet,
1445 598 1519 633 sed
1546 607 1629 632 non
1656 597 1890 633 extenditur
1900 606 1908 640 ;
1949 598 1990 632 et

313 656 408 701 quia
442 666 525 692 non
561 656 804 698 extenditur,
842 657 915 692 sed
952 658 1017 692 est
1052 657 1138 692 tota
1163 656 1203 691 in
1229 657 1315 692 toto
1344 656 1448 692 sicut
1472 655 1514 691 in
1539 656 1705 701 proprio
1732 656 1987 701 perfectibili,

313 725 391 751 nec
416 725 567 751 nomen
603 725 681 751 nec
707 715 889 760 speciem
915 715 1053 751 tribuit
1078 714 1193 760 parti.
1241 714 1289 750 Et
1322 715 1414 750 talis
1439 714 1571 750 forma
1598 716 1661 750 est
1688 714 1923 760 vegetativa
1949 716 1989 750 et

314 774 524 810 sensitiva.
576 773 678 814 Quia
703 775 842 810 tamen
869 774 928 810 sic
953 775 1040 810 tota
1067 776 1130 810 est
1155 774 1195 809 in
1227 783 1400 818 corpore
1427 774 1589 818 ubique,
1620 773 1741 810 etiam
1769 774 1986 818 dependet.

312 833 408 869 Ideo
436 833 643 878 quaelibet
669 843 763 878 pars
790 834 913 869 habet
939 833 1222 878 operationem
1249 833 1384 872 totius,
1417 832 1624 877 quaelibet
1651 832 1758 868 enim
1787 841 1882 876 pars
1907 832 1991 868 ani·
2012 836 2044 860 1⁰

312 892 428 928 malis
468 892 611 935 sentit;
657 892 938 937 operationem
977 893 1116 927 tamen
1153 892 1358 936 propriam
1392 891 1547 936 speciei
1584 891 1694 926 nulla
1728 900 1823 935 pars
1866 891 1991 927 habet

313 950 391 986 nisi
418 950 522 986 sicut
544 951 868 987 instrumentum.

455 1010 545 1045 Alia
578 1009 711 1046 forma
747 1011 820 1051 est,
859 1019 963 1054 quae
990 1009 1160 1054 perficit,
1197 1010 1270 1045 sed
1298 1019 1381 1045 non
1408 1009 1643 1045 extenditur
1667 1018 1746 1044 nec
1772 1008 1990 1053 dependet,

317 1069 510 1113 quantum
532 1069 583 1104 ad
606 1069 828 1105 essentiam
850 1069 917 1104 vel
939 1068 1232 1113 operationem.
1273 1068 1509 1104 Cuiusmodi
1531 1069 1593 1103 est
1613 1066 1749 1104 anima
1768 1067 1990 1108 rationalis,

316 1136 422 1172 quae
449 1127 611 1172 perficit
637 1137 785 1172 corpus
813 1128 1043 1168 humanum,
1072 1128 1145 1163 sed
1173 1127 1267 1171 quia
1292 1136 1376 1162 non
1404 1127 1639 1163 extenditur
1665 1136 1743 1162 nec
1770 1127 1988 1171 dependet,
2010 1135 2042 1159 15

315 1186 409 1221 ideo
436 1196 514 1222 nec
540 1186 834 1231 perfectionem
870 1196 947 1222 nec
975 1186 1256 1231 operationem
1284 1186 1421 1222 tribuit
1447 1186 1562 1230 parti,
1597 1195 1717 1230 quam
1744 1186 1882 1221 tribuit
1906 1185 1990 1221 toti.

315 1244 430 1280 Nulla
458 1245 565 1280 enim
592 1254 686 1289 pars
714 1245 888 1280 hominis
917 1246 980 1280 est
1006 1246 1145 1287 hom0;
1173 1245 1283 1280 nulla
1307 1254 1402 1289 pars
1433 1245 1520 1280 eius
1547 1244 1745 1290 intelligit.

456 1303 573 1344 Quod
599 1304 735 1339 tamen
763 1304 828 1339 hic
858 1304 1002 1339 dicitur
1029 1304 1079 1339 de
1106 1302 1242 1339 anima
1266 1303 1424 1345 brutali,
1452 1313 1477 1339 a
1500 1303 1635 1339 multis
1662 1305 1845 1349 negatur.

105 1398 148 1435 C.
171 1399 334 1435 XXVII.
505 1398 760 1443 Responsio
787 1398 871 1440 <ad
898 1398 1216 1442 quaestionem
1241 1398 1508 1434 vicesimam
1535 1398 1812 1443 septimam>.

452 1480 514 1516 Ad
541 1481 701 1517 tertiam
728 1481 1014 1526 quaestionem
1046 1481 1264 1517 dicendum
1295 1481 1405 1526 quod
1441 1481 1640 1517 sensitiva
1674 1482 1851 1517 humana
1885 1481 1989 1517 radi÷
2008 1486 2044 1512 2⁰

317 1540 430 1575 catur
456 1539 495 1575 in
524 1539 752 1575 substantia
777 1539 1034 1584 incorporali,
1063 1539 1219 1576 scilicet
1241 1539 1378 1576 anima
1396 1539 1598 1576 rationali.
1647 1539 1765 1576 Unde
1791 1539 1899 1576 idem
1927 1540 1990 1575 est

318 1598 519 1639 iudicium,
547 1598 656 1642 quod
682 1598 733 1634 de
759 1597 897 1634 anima
915 1598 1115 1634 rationali.
1153 1598 1213 1634 De
1233 1598 1369 1634 anima
1389 1608 1489 1634 vero
1510 1598 1667 1640 brutali,
1695 1608 1814 1643 quam
1836 1599 1991 1634 certum

318 1657 380 1692 est
408 1657 459 1693 de
485 1657 671 1702 potentia
696 1656 893 1692 materiae
920 1657 1050 1698 educi,
1076 1656 1215 1692 dicunt
1240 1657 1353 1692 multi
1382 1658 1490 1701 quod
1511 1658 1575 1693 est
1595 1658 1780 1699 extensa,
1808 1657 1902 1702 quia
1928 1658 1992 1693 est

316 1716 463 1751 educta
489 1716 540 1751 de
566 1715 745 1752 materia.

453 1774 537 1810 Nec
558 1775 621 1810 est
640 1774 759 1810 facile
780 1774 1019 1820 intelligere,
1047 1774 1251 1819 quomodo
1272 1775 1404 1811 forma
1432 1775 1654 1811 materialis
1676 1775 1875 1820 spolietur
1893 1785 1917 1811 a
1935 1775 1991 1811 di·
2010 1784 2044 1809 25

314 1833 559 1868 visibilitate.
598 1832 684 1868 Hoc
705 1833 828 1868 etiam
849 1833 1010 1869 videtur
1032 1834 1185 1869 sentire
1207 1833 1522 1879 Augustinus
1548 1834 1589 1870 in
1615 1835 1717 1870 libro
1739 1835 1797 1870 De
1818 1834 1991 1878 Quanti-

315 1894 398 1927 tate
422 1892 604 1927 Animae
621 1895 644 1932 1,
682 1891 751 1928 ubi
784 1891 963 1936 loquitur
989 1892 1039 1928 de
1066 1902 1218 1937 copore
1244 1893 1429 1934 anuloso,
1466 1893 1579 1929 cuius
1606 1895 1744 1938 partes
1770 1894 1912 1929 vivunt
1938 1894 1992 1930 di-

317 1951 445 1987 visae.
507 1950 555 1986 Et
592 1950 815 1995 inquirens,
850 1952 983 1987 utrum
1020 1951 1158 1987 anima
1195 1952 1320 1988 dividi
1357 1952 1498 1997 possit,
1537 1953 1702 1988 tandem
1742 1952 1990 1988 concludit2:

317 2010 519 2053 ,‚Animus,
546 2009 686 2054 inquit,
713 2010 764 2046 ad
791 2010 895 2046 haec
915 2011 1128 2046 noscenda
1147 2011 1427 2056 pertollendus
1449 2012 1522 2053 est,
1549 2013 1592 2047 ut
1611 2012 1742 2056 possit
1762 2011 1990 2057 intelligere

314 2068 592 2113 liquidissime,
632 2069 774 2110 utrum,
814 2069 922 2114 quod
955 2078 980 2105 a
1018 2069 1261 2114 quibusdam
1288 2070 1534 2106 doctissimis
1560 2071 1658 2106 viris
1685 2070 1840 2112 dicitur,
1878 2070 1919 2106 in
1945 2080 1990 2107 se
2010 2083 2044 2108 30

315 2128 464 2164 habeat
498 2128 634 2164 anima
658 2137 733 2173 per
770 2137 816 2164 se
852 2128 984 2173 ipsam
1010 2129 1120 2164 nullo
1147 2129 1281 2171 modo,
1320 2130 1395 2165 sed
1421 2130 1557 2165 tamen
1589 2138 1665 2174 per
1690 2138 1838 2174 corpus
1863 2138 1990 2174 posse

314 2187 486 2232 partiri.“
546 2187 659 2223 Haec
691 2187 1014 2233 Augustinus.
1074 2187 1237 2224 Certum
1274 2189 1338 2224 est
1373 2189 1482 2233 quod
1517 2188 1641 2224 dividi
1667 2198 1750 2224 non
1776 2189 1913 2233 potest
1939 2189 1989 2224 ad

316 2245 560 2282 divisionem
588 2246 783 2291 corporis,
810 2246 889 2282 nisi
913 2246 955 2282 in
982 2256 1155 2291 corpore
1183 2248 1486 2283 extenderetur.

454 2305 516 2341 Ad
537 2305 615 2341 hoc
636 2306 700 2341 est
712 2306 882 2341 verbum
909 2305 1167 2342 Avicenna
1186 2306 1359 2342 dIcentis
1389 2305 1447 2342 VI.
1468 2306 1766 2342 Naturalium³
1784 2305 1989 2350 loquendo

316 2364 366 2400 de
393 2364 577 2400 anulosis
607 2363 785 2407 „Anima,
812 2364 952 2409 inquit,
979 2364 1084 2400 illius
1111 2365 1231 2400 unius
1257 2363 1443 2400 animalis
1470 2374 1551 2400 una
1578 2366 1641 2400 est
1666 2365 1706 2400 in
1728 2364 1888 2405 effectu,
1916 2364 1989 2400 sed
2010 2368 2046 2393 3⁵

316 2422 588 2467 multipliciter
620 2422 662 2458 in
697 2423 882 2467 potentia
918 2423 1213 2468 multiplicitate
1240 2423 1499 2459 animarum.“
1550 2423 1598 2458 Et
1623 2423 1734 2468 prius
1761 2423 1856 2459 dicit
1882 2423 1989 2468 quod

315 2481 627 2517 instrumentum
655 2481 931 2517 conservandi
964 2482 1155 2518 diffusum
1191 2483 1254 2518 est
1279 2491 1353 2527 per
1380 2491 1540 2527 corpus,
1566 2482 1660 2518 ideo
1688 2491 1790 2527 opus
1817 2482 1989 2518 animae.

453 2539 500 2575 Et
538 2540 606 2584 qui
653 2540 712 2576 sic
749 2541 917 2585 ponunt,
961 2540 1135 2577 faciliter
1172 2541 1223 2576 ad
1261 2542 1529 2586 argumenta4
1566 2541 1837 2585 respondent:
1881 2540 1991 2585 quod

315 2598 617 2643 Augustinus
655 2598 710 2634 ibi
734 2599 913 2644 loquitur
938 2600 989 2635 de
1014 2599 1200 2644 potentia
1226 2599 1436 2641 sensitiva,
1472 2609 1578 2644 quae
1603 2600 1807 2635 radicatur
1832 2599 1872 2635 in
1899 2600 1991 2635 sub-

316 2657 465 2693 stantia
490 2657 748 2702 incorporali,
775 2658 816 2693 et
841 2667 923 2693 non
950 2659 1001 2694 de
1029 2658 1230 2694 sensitiva
1255 2659 1412 2694 brutali.
2004 2661 2039 2686 4⁰

454 2791 473 2822 2
502 2789 711 2829 secundum]
739 2790 894 2822 additur
918 2791 958 2823 in
984 2799 1103 2831 mary.
1212 2792 1253 2823 16
1280 2791 1387 2831 parti]
1415 2792 1533 2827 quarti
1643 2793 1683 2825 17
1710 2791 1826 2830 Nulla]
1852 2791 1985 2823 nullam

316 2843 358 2874 25
386 2842 578 2883 quomodo]
607 2851 701 2883 quae
726 2843 783 2876 vel
809 2852 882 2884 qua
977 2844 1020 2876 28
1048 2843 1178 2884 possit]
1207 2844 1242 2881 —l—
1274 2846 1309 2876 et
1405 2845 1448 2877 35
1476 2844 1622 2884 effectu]
1649 2846 1817 2877 effectum

453 2971 465 2993 1
492 2972 579 3013 Cap.
607 2974 648 3006 31
676 2972 746 3011 (PL
771 2973 826 3010 32,
854 2971 968 3012 1069).
1110 2971 1125 2994 2
1152 2973 1238 3013 Cap.
1267 2973 1309 3005 32
1335 2972 1386 3012 (L.
1414 2982 1443 3006 c.
1473 2973 1587 3012 1073).

453 3024 468 3046 3
499 3025 551 3057 VI.
580 3026 662 3059 Nat.
689 3027 712 3064 I,
741 3027 769 3058 2.
913 3025 927 3047 4
952 3025 1031 3058 Scil.
1058 3026 1093 3057 in
1122 3025 1263 3057 Contra
1287 3027 1486 3066 proposita,
1514 3036 1546 3066 p.
1576 3026 1652 3058 186.
