2095 3459
812 212 984 250 Quaestio
1011 213 1113 246 XVII.
1727 211 1792 245 147

255 311 307 344 15.
344 309 403 345 Ad
444 309 645 345 decimum
684 309 866 354 quintum
907 310 1123 347 dicendum
1161 311 1270 355 quod
1307 310 1605 346 insufficienter
1641 309 1793 346 dividit.

113 368 238 404 Immo
268 370 331 404 est
358 370 491 404 motus
513 369 634 404 etiam
658 370 825 414 propter
843 369 1041 405 finitatem
1064 369 1241 409 unitatis,
1269 369 1337 405 ubi
1358 379 1438 405 non
1462 372 1525 405 est
1546 369 1793 410 resistentia,

115 427 219 463 sicut
245 437 335 463 cum
363 428 535 473 angelus
563 429 750 463 movetur
776 438 849 472 per
875 429 1014 464 aerem
1042 429 1210 473 propter
1235 429 1436 464 rationem
1464 428 1729 474 praedictam.

255 488 309 522 16.
337 487 399 522 Ad
425 487 627 523 decimum
655 489 817 523 sextum
839 487 1055 523 dicendum
1077 488 1184 532 quod
1206 497 1289 523 non
1312 489 1426 523 esset
1445 489 1580 524 motus
1601 488 1641 523 in
1662 496 1793 523 vacuo

78 552 94 577 ⁵
117 555 171 582 ex
190 546 436 587 resistentia,
462 547 502 582 et
522 548 660 582 tamen
683 546 717 582 si
738 547 852 582 esset
871 547 1007 592 aliqua
1027 547 1243 588 dimensio,
1265 556 1386 591 quam
1406 555 1580 583 vacuum
1603 546 1795 582 <licebant

114 605 281 650 antiqui,
302 606 415 641 esset
433 605 489 641 ibi
508 606 643 641 motus
664 606 831 650 propter
850 605 1159 650 proportionem
1181 606 1336 641 certam
1352 605 1514 643 mobilis
1535 605 1587 641 ad
1608 605 1794 650 spatium,

115 664 210 709 quia
235 673 318 700 non
346 665 494 700 eadem
518 664 714 701 facilitate
740 665 886 710 posset
912 674 958 701 se
986 664 1289 701 communicare
1317 665 1438 710 duplo
1467 666 1508 701 et
1534 665 1747 710 subduplo.

256 725 309 759 17.
337 723 398 759 Ad
425 723 627 760 decimum
654 723 871 769 septimum
898 723 1115 760 dicendum
1141 724 1251 769 quod
1270 724 1366 760 licet
1387 724 1588 761 subtilitas
1610 725 1794 770 corporis

116 783 284 829 gloriosi
310 783 487 819 excedat
512 782 972 828 improportionabiliter
997 782 1261 819 subtilitatem
1289 783 1472 828 corporis
1506 793 1589 819 non
1616 784 1794 829 gloriosi.

64 853 96 878 10
115 852 198 878 non
224 843 362 878 tamen
389 842 478 884 <111>
503 841 715 878 infinitum.
764 841 812 878 Et
837 842 931 878 ideo
958 852 1042 878 non
1069 842 1264 887 sequitur.

256 903 309 937 18.
337 901 399 938 Ad
425 901 805 938 duodevicesimum
831 901 1049 938 dicendum
1076 902 1185 946 quod
1211 900 1358 938 falsum
1381 903 1455 943 est,
1483 903 1591 947 quod
1612 903 1794 943 assumit,

116 960 211 1006 quia
244 960 286 997 in
321 961 528 1006 spiritibus
564 962 702 1006 potest
734 970 830 997 esse
864 961 1075 997 successio
1112 961 1248 997 stante
1285 962 1397 997 motu
1434 961 1539 997 caeli
1551 970 1559 1006 ;
1601 962 1793 1007 quoniam

115 1023 211 1056 ante
237 1021 391 1056 motum
418 1020 522 1056 caeli
548 1021 692 1065 quarto
720 1020 785 1056 die
812 1020 942 1065 potuit
967 1023 1121 1062 <esse>‚
1160 1020 1283 1056 immo
1324 1022 1364 1056 et
1400 1020 1475 1056 fuit
1510 1021 1721 1057 successio
1754 1021 1795 1057 in

116 1079 294 1115 motibus
320 1079 530 1125 angelicis,
558 1079 662 1115 sicut
689 1089 741 1115 ex
768 1089 869 1116 casu
891 1080 1030 1124 patuit,
1057 1080 1100 1115 ut
1120 1080 1243 1115 docet
1263 1079 1590 1125 Augustinus,
1610 1080 1670 1116 Dc
1692 1081 1795 1117 Civi-

64 1148 96 1173 15
117 1140 199 1174 tate
224 1138 313 1182 XII,
339 1148 425 1184 cap.
454 1141 531 1175 151.
1181 1168 1191 1175 <

254 1197 417 1234 Falsum
443 1198 565 1234 etiam
593 1198 656 1234 est
682 1198 722 1234 in
749 1198 990 1243 corporibus
1016 1198 1219 1244 gloriosis,
1259 1198 1355 1243 quia
1389 1198 1457 1235 illa
1484 1200 1602 1235 erunt
1628 1199 1795 1235 omnino

115 1256 316 1293 nobiliora
350 1257 588 1302 corporibus
628 1257 887 1293 caelestibus.
936 1257 984 1293 Et
1020 1257 1113 1293 ideo
1153 1256 1292 1293 dicere
1332 1257 1441 1302 quod
1479 1258 1613 1294 motus
1653 1268 1795 1294 eorum

116 1315 324 1361 dependet
350 1325 375 1352 a
400 1316 576 1352 motibus
605 1326 822 1361 corporum
849 1316 1098 1358 caelestium,
1125 1315 1341 1361 profanum
1369 1317 1443 1352 est.

254 1375 355 1411 Item
380 1375 527 1411 falsum
555 1376 618 1411 est
643 1376 684 1412 in
703 1375 793 1412 aliis
815 1375 1068 1420 corporibus.
1118 1375 1237 1411 Unde
1259 1375 1584 1421 Augustinus,
1604 1376 1670 1412 XI.
1692 1377 1796 1413 Con-

62 1442 96 1467 ·20
114 1434 389 1470 sessionum2:
429 1434 494 1478 „Si
519 1436 737 1471 cessarent
762 1434 866 1471 caeli
891 1434 1045 1470 lumina
1071 1435 1112 1470 et
1137 1435 1375 1470 moveretur
1399 1436 1491 1471 rota
1522 1434 1646 1481 figuli,
1683 1438 1797 1472 esset

114 1495 275 1539 tempus
287 1493 342 1530 ‘?“.
394 1493 511 1534 Quod
537 1495 675 1529 autem
701 1494 809 1530 dicat
836 1495 1043 1539 tamquam
1069 1494 1279 1539 possibile,
1306 1495 1419 1539 patet
1440 1504 1494 1530 ex
1513 1495 1795 1540 sequentibus.

115 1552 220 1588 Dicit
246 1552 355 1588 enim
380 1552 486 1589 infra
514 1553 660 1589 eodem
686 1553 839 1589 librossz
879 1553 1027 1596 „Nemo
1054 1553 1150 1588 mihi
1178 1553 1285 1589 dicat
1311 1553 1552 1589 caelestium
1579 1563 1796 1599 corporum

115 1612 249 1648 motus
281 1621 377 1648 esse
403 1612 607 1657 tempora,
655 1612 750 1657 quia
784 1612 995 1648 cuiusdam
1030 1613 1126 1648 voto
1163 1622 1255 1648 cum
1297 1612 1359 1648 sol
1400 1612 1586 1649 stetisset
1623 1612 1797 1658 (Josuae

118 1670 413 1716 10,<13>)<111>
439 1671 705 1707 victoriosum
730 1671 929 1716 praelium
967 1671 1197 1717 perageret,
1238 1671 1300 1707 sol
1339 1672 1484 1714 stabat,
1524 1671 1599 1707 sed
1632 1672 1795 1717 tempus

65 1742 98 1767 25
116 1730 232 1766 ibat.“
283 1730 368 1766 Nec
392 1731 531 1775 potest
557 1730 646 1772 dici,
673 1730 782 1774 quod
809 1730 951 1765 essent
977 1731 1036 1765 tot
1061 1729 1267 1772 miracula,
1301 1730 1400 1775 quot
1425 1730 1529 1766 ictus
1556 1730 1794 1776 gladiorum.

256 1788 355 1825 Item
381 1790 516 1825 motus
543 1789 696 1833 primus
724 1790 788 1825 est
808 1788 912 1825 caeli
931 1788 1059 1833 primi,
1087 1789 1128 1824 et
1147 1789 1284 1824 motor
1302 1788 1456 1833 primus
1477 1790 1617 1825 movet
1636 1790 1795 1826 caelum

116 1848 298 1892 primum.
349 1847 514 1884 Certum
540 1848 602 1883 est
628 1848 853 1884 secundum
878 1847 1178 1892 philosophiam
1205 1847 1315 1892 quod
1342 1847 1511 1892 quilibet
1530 1849 1664 1888 motus
1684 1849 1794 1885 orbis

118 1906 334 1942 cuiuslibet
357 1906 483 1943 habet
508 1907 707 1942 motorem
735 1906 969 1951 specialem,
1006 1906 1316 1951 intelligentiam
1349 1906 1402 1942 ad
1436 1907 1515 1943 hoc
1548 1907 1794 1952 deputatam.

257 1965 458 2010 Amplius:
479 1965 521 2002 Si
536 1966 722 2002 cessaret
737 1965 1007 2011 intelligentia
1021 1965 1162 2010 prima,
1184 1966 1403 2010 cogeretur
1417 1974 1585 2002 cessare
1600 1967 1794 2002 secunda.

65 2035 98 2062 30
117 2023 326 2060 Probatio:
366 2023 470 2064 Quia
495 2024 639 2060 dicitur
664 2024 706 2060 in
733 2025 882 2060 octava
912 2024 1194 2069 propositione
1230 2024 1289 2059 De
1314 2024 1497 2060 causis4:
1538 2024 1702 2068 „Omnis
1737 2025 1795 2061 in-

117 2082 366 2128 telligentiae
391 2082 492 2119 fixio
520 2084 560 2119 et
587 2083 771 2119 essentia
796 2084 859 2119 est
884 2093 960 2128 per
983 2083 1210 2119 bonitatem
1235 2082 1418 2127 primam,
1446 2092 1552 2128 quae
1579 2084 1642 2119 est
1668 2093 1795 2120 causa

117 2141 278 2186 prima.“
324 2141 425 2186 Cap.
443 2142 488 2177 15
508 2141 647 2177 dicit5:
676 2141 850 2185 „Omnes
870 2142 1053 2183 virtutes,
1080 2142 1226 2186 quibus
1248 2151 1331 2177 non
1352 2142 1416 2178 est
1434 2141 1541 2184 finis,
1561 2143 1792 2187 pendentes

118 2201 211 2236 sunt
235 2210 310 2245 per
334 2200 536 2236 infinitum
561 2200 744 2245 primum,
772 2201 879 2245 quod
913 2201 976 2236 est
1001 2200 1128 2236 virtus
1155 2200 1383 2235 virtutum.“
1433 2199 1540 2246 Ergo
1576 2200 1672 2237 licet
1706 2210 1793 2237 ces—

120 2259 230 2295 saret
253 2259 426 2304 primum
450 2259 612 2301 mobile,
647 2260 789 2304 posset
814 2259 972 2295 moveri
998 2259 1223 2295 secundum
1249 2258 1417 2300 mobile„
1448 2260 1673 2297 secundum
1699 2260 1789 2295 illos

66 2334 99 2359 35
119 2317 186 2363 qui
204 2319 217 2360 ΙΙ
235 2318 391 2362 ponunt
416 2318 558 2354 orbem
584 2318 745 2354 moveri
766 2318 817 2353 ab
844 2317 1122 2363 intelligentiis
1134 2320 1159 2352 6.

257 2376 381 2412 11111110
409 2377 450 2412 et
473 2375 632 2412 facilius
659 2386 780 2421 quam
806 2386 914 2412 nunc
936 2377 1160 2412 secundum
1182 2376 1284 2417 illos,
1311 2376 1379 2421 qui
1398 2377 1556 2420 ponunt
1573 2375 1790 2413 inferiores

120 2435 241 2472 orbes
262 2435 419 2471 moveri
438 2436 582 2470 contra
601 2438 752 2471 motum
772 2434 890 2479 primi
911 2435 951 2470 et
970 2434 1169 2471 retardari
1188 2435 1240 2470 ab
1260 2434 1351 2479 ipso
1360 2436 1384 2470 ⁷.
1411 2434 1617 2471 Probatio:
1636 2435 1791 2471 Primus

119 2494 252 2529 motor
276 2503 359 2529 non
384 2493 514 2529 influit
538 2493 580 2529 in
605 2493 800 2529 inferiora
824 2493 1063 2529 necessario
1098 2493 1306 2528 mediante
1332 2493 1443 2529 motu
1469 2493 1584 2535 caeli,
1611 2494 1684 2529 sed
1709 2503 1791 2529 me-

120 2552 257 2588 diante
284 2561 456 2597 corpore
483 2551 638 2588 stellae,
687 2551 806 2588 Unde
832 2552 1177 2596 Philosophus,
1204 2551 1255 2587 ΙΙ.
1281 2551 1617 2596 Metaphysieaess
1646 2552 1790 2594 <dicit>

260 2650 279 2681 5
305 2650 341 2681 et
365 2648 499 2687 tamen]
529 2648 565 2686 -i-
595 2649 626 2681 si
652 2644 751 2681 esset
775 2649 893 2681 motus
920 2648 955 2680 in
974 2657 1090 2681 vacuo
1116 2657 1163 2680 ex
1188 2649 1397 2681 resistentia
1424 2650 1459 2681 et
1487 2650 1607 2682 tamen
1680 2650 1699 2682 9
1726 2659 1789 2682 ex-

120 2699 237 2740 cedat]
263 2701 407 2734 excedit
503 2702 636 2733 12-13
665 2701 841 2738 Quoniam
867 2700 964 2740 ante]
991 2701 1135 2741 quando
1162 2702 1282 2733 autem
1378 2702 1421 2734 23
1452 2701 1627 2741 stetisset]
1660 2703 1790 2735 fuisset

121 2755 163 2787 29
189 2753 372 2793 secunda]
399 2753 436 2792 -1-
455 2753 624 2786 Probatio
646 2754 741 2794 quod
759 2760 850 2786 non:
868 2753 958 2790 Quia
977 2762 1048 2785 una
1066 2762 1138 2785 non
1159 2754 1341 2794 dependet
1361 2754 1406 2786 ab
1426 2754 1507 2786 alia.
1581 2755 1625 2786 30
1646 2755 1788 2795 octava]

120 2813 216 2839 nona
306 2807 348 2839 32
376 2805 431 2845 15]
454 2807 495 2838 16
591 2807 634 2838 36
663 2805 781 2846 quam]
809 2806 904 2846 quod

195 2923 198 2926 Δ
259 2899 272 2921 1
298 2900 353 2933 PL
378 2901 432 2940 41,
458 2900 524 2933 363
550 2909 584 2933 11.
612 2901 642 2933 1.
782 2899 797 2922 2
822 2900 876 2939 XI,
903 2900 946 2932 23
972 2898 1043 2939 (PL
1069 2900 1123 2939 32,
1150 2900 1216 2932 820
1242 2909 1276 2933 11.
1304 2900 1371 2935 29).

258 2952 274 2974 3
298 2953 334 2985 L.
361 2962 389 2985 c.
418 2953 481 2985 821
509 2962 542 2985 11.
570 2953 624 2986 30.
764 2952 779 2974 4
805 2953 890 2993 Pag
918 2953 995 2985 172.
1135 2951 1150 2974 5
1176 2953 1262 2993 Pag.
1290 2954 1366 2985 177.

259 3004 274 3027 6
298 3005 471 3037 Videatur
496 3006 593 3046 apud
617 3006 786 3044 Bonav„
816 3005 881 3046 Op.
909 3013 1006 3037 omn.
1033 3005 1071 3039 ΙΙ
1099 3005 1164 3037 347
1192 3004 1401 3044 (scholion);
1429 3006 1495 3038 349
1521 3005 1660 3046 (opinio
1687 3006 1732 3046 2).

259 3056 273 3078 ⁷
299 3057 368 3090 Otr.
394 3058 538 3097 Arist„
564 3058 617 3090 De
642 3057 903 3097 Gael011,10;
941 3058 1108 3096 Bonav„
1144 3056 1209 3097 Op
1238 3065 1336 3090 omn.
1369 3058 1407 3096 II,
1435 3058 1513 3096 351,
1548 3067 1580 3099 q
1610 3059 1627 3090 1
1654 3060 1726 3091 not.
1755 3060 1786 3092 2

260 3108 274 3131 8
298 3110 459 3150 Metapa.
484 3110 523 3150 11,
549 3109 602 3151 (α)
629 3111 659 3143 2.
1576 3129 1646 3167 10·

1812 2325 1874 2357 fol.
1895 2325 1939 2357 33
1947 2329 1966 2347 Τ
1979 2333 2001 2356 a
