2095 3459
317 206 361 244 40
824 210 999 243 Joliannis
1024 210 1191 244 Pechami
1217 211 1465 248 Quaestiones.

317 308 488 352 oportet,
514 308 621 352 quod
656 307 766 352 prius
799 308 1022 352 cognoscat
1056 306 1095 343 id
1128 307 1241 344 cuius
1268 309 1332 344 est
1357 308 1529 353 species.
1578 308 1625 344 Et
1650 308 1856 354 quaeritur
1881 318 1974 354 qua-

316 365 436 403 liter?
484 365 531 402 Et
555 366 675 402 ibitur
700 365 741 401 in
766 365 975 401 infinitum.

455 425 519 470 (3.)
545 426 576 461 7.
602 425 701 474 Item
719 425 952 460 universale
974 425 1037 460 est
1055 425 1096 461 in
1116 425 1251 462 anima
1269 427 1312 462 ut
1330 426 1371 461 in
1392 425 1612 462 subieot01.
1645 401 1727 463 Sed
1744 426 1974 462 universale

59 493 87 527 A
115 493 175 527 rol,
198 493 301 526 21rb
321 485 385 520 est
409 493 532 536 unum
558 493 640 520 non
666 484 931 525 numeratum,
971 493 1061 520 cum
1087 493 1170 520 non
1196 484 1276 520 sint
1312 484 1448 529 plures
1481 485 1642 530 species
1675 484 1849 521 hominis
1866 487 1880 528 ΙΙ
1898 494 1976 521 nec

55 2138 86 2172 Β
106 2139 167 2173 fol.
188 2140 310 2172 167‘va

316 539 433 589 plura
457 552 611 589 genera
636 543 832 579 animalis.
882 542 929 578 Et
955 542 1014 578 sic
1040 543 1090 579 de
1119 543 1325 579 similibus.
1374 542 1479 589 Ergo
1500 544 1726 580 subiectum
1747 543 1833 580 eius
1854 553 1977 579 unum
1995 551 2012 576 5

318 603 381 649 θεῖ
407 603 448 638 θῖ
472 602 705 638 universale
744 601 932 637 omnibus
966 601 1208 638 homInibus.
1259 601 1376 642 Quod
1411 604 1548 639 autem
1585 603 1816 639 universale
1852 602 1903 638 sit
1937 602 1977 638 in

318 661 453 697 anima
472 661 595 706 patet,
621 661 716 705 quia
735 660 928 705 quidquid
955 662 1018 697 est
1042 661 1082 696 in
1109 661 1288 702 materia,
1307 663 1543 698 numeratur
1561 671 1635 707 per
1655 661 1977 698 numerationem

319 720 513 756 materiae
534 721 574 756 et
593 719 908 764 multiplicatur2.
933 719 1038 765 Ergo
1059 720 1291 756 universale
1312 730 1511 765 nusquam
1532 722 1605 762 est,
1626 721 1692 756 vel
1711 721 1752 756 in
1771 719 1979 756 intellectu

320 780 392 815 est.
431 779 548 815 Unde
575 778 985 815 Commentator3:
1014 779 1166 822 „Prima
1192 779 1361 815 materia
1386 789 1521 824 neque
1548 789 1817 825 cognoscens,
1843 788 1978 824 neque

321 838 573 884 distinguens
610 839 683 879 est,
722 838 816 883 quia
849 837 993 882 recipit
1029 837 1181 874 formas
1225 838 1506 874 individuales.
1573 838 1804 874 Intellectus
1842 838 2032 874 automno

319 897 462 942 recipit
487 897 638 933 formas
664 897 931 933 universales.
980 896 1027 932 Et
1054 906 1107 933 ex
1132 897 1210 933 hoc
1244 898 1424 942 apparet,
1463 897 1571 942 quod
1609 907 1691 933 non
1730 898 1793 933 est
1829 896 1978 942 aliquid

320 956 407 997 hoc,
434 964 566 1001 neque
593 964 751 1000 corpus,
778 965 911 1000 neque
938 955 1064 992 virtus
1090 956 1131 992 in
1157 957 1361 1001 corpore.“

458 1015 489 1050 8.
533 1014 628 1050 Iten:
668 1014 763 1050 dicit
800 1014 906 1050 idem
953 1014 1340 1051 Commentator4
1385 1016 1491 1060 quod
1531 1016 1712 1052 definitio
1750 1015 1979 1051 intellectus

321 1073 540 1109 materialis
566 1074 638 1113 θεῖ,
678 1073 772 1118 quia
806 1074 870 1110 est
894 1074 933 1109 id
960 1074 1068 1118 quod
1095 1075 1158 1110 est
1182 1074 1223 1110 in
1249 1074 1432 1119 potentia
1458 1084 1601 1111 omnes
1628 1075 1878 1111 intentiones
1903 1074 1981 1110 ior-

322 1141 475 1168 marum
501 1132 766 1168 materialium
792 1132 1090 1174 universalium,
1130 1134 1170 1169 et
1206 1143 1288 1169 non
1324 1134 1387 1169 θεῖ
1424 1134 1464 1169 in
1499 1135 1593 1170 actu
1627 1134 1777 1179 aliquid
1815 1133 1978 1175 entium,
2001 1144 2033 1170 15

322 1193 539 1236 antequam
565 1191 762 1237 intelligat
799 1191 940 1236 ipsum.
990 1191 1347 1237 Philosophus5
1381 1194 1518 1228 autem
1552 1192 1657 1234 dicit,
1699 1193 1807 1237 quod
1844 1201 1983 1228 unum-

323 1251 512 1295 quodque
540 1251 597 1286 sic
624 1260 669 1286 se
695 1251 818 1287 habet
843 1251 894 1286 ad
922 1260 1017 1287 esse
1044 1251 1147 1287 sicut
1183 1251 1234 1287 ad
1273 1251 1559 1297 cognitionem.
1608 1251 1713 1298 Ergo
1749 1252 1853 1288 sicut
1886 1252 1982 1288 ante

324 1309 598 1355 cognitionem
641 1310 764 1346 habet
806 1309 1229 1346 indeterminationem
1270 1310 1514 1356 cognitionis
1555 1311 1606 1346 ad
1646 1310 1791 1352 omnia,
1834 1310 1891 1347 ita
1926 1310 1983 1346 in-

324 1368 703 1405 determinationem
729 1369 948 1405 essentiae.
998 1368 1150 1415 <Erg0>
1183 1369 1412 1405 nullatenus
1441 1370 1703 1405 contrahetur
1735 1369 1787 1406 ad
1819 1369 1983 1415 aliquod

324 1437 453 1473 genus
480 1427 596 1464 entis.
2002 1438 2036 1464 20

461 1488 493 1522 9.
520 1487 810 1532 Respondebat
837 1488 943 1532 quod
969 1487 1064 1523 illud
1091 1487 1199 1532 quod
1224 1488 1275 1523 ab
1301 1487 1436 1523 anima
1460 1487 1662 1531 recipitur,
1690 1487 1895 1533 singulare
1922 1489 1985 1523 est

326 1546 549 1582 secundum
575 1546 800 1587 veritatem,
826 1547 963 1582 tamen
989 1547 1067 1582 hoc
1093 1546 1236 1582 dicitur
1261 1546 1505 1587 universale,
1544 1546 1639 1591 quia
1663 1556 1747 1582 non
1774 1547 1837 1582 est
1862 1546 1902 1582 in
1928 1546 1985 1582 in—

325 1605 487 1641 tellectu
514 1606 588 1643 sub
615 1605 922 1641 condicionibus
948 1605 1303 1642 individuantibus.

464 1664 516 1700 10.
543 1664 724 1709 Amplius
750 1664 981 1700 universale
1017 1664 1114 1700 nihil
1149 1666 1210 1701 est
1244 1665 1321 1700 nisi
1355 1665 1547 1701 accidens
1584 1666 1625 1700 et
1658 1663 1845 1700 formatio
1872 1665 1986 1701 intel-

326 1724 465 1759 lectus.
515 1723 631 1759 Unde
658 1724 803 1760 eadem
828 1724 969 1764 forma,
1002 1725 1043 1759 ut
1070 1725 1326 1769 comparatur
1351 1724 1403 1760 ad
1428 1723 1639 1760 materiam
1666 1724 1729 1759 est
1755 1723 1983 1770 singularis,
2004 1732 2039 1758 25

327 1784 368 1818 ut
393 1783 444 1818 ad
470 1783 716 1818 intellectum
744 1784 1061 1824 abstrahentem,
1090 1784 1153 1819 est
1178 1783 1431 1819 universalis.

466 1841 545 1877 Sed
573 1842 679 1886 quod
702 1842 806 1883 illud,
833 1843 941 1886 quod
963 1843 1026 1878 est
1044 1842 1084 1878 in
1104 1842 1323 1883 intellectu,
1351 1842 1402 1878 sit
1421 1841 1668 1883 universale,
1695 1842 1888 1886 probatur
1908 1841 1986 1877 sic:

329 1900 527 1941 Quoniam
548 1900 582 1936 si
603 1902 665 1936 est
685 1900 900 1946 singulare,
921 1902 1071 1943 <haec>
1085 1901 1246 1946 species
1267 1901 1411 1946 lapidis
1432 1901 1472 1938 in
1498 1900 1576 1936 isto
1597 1900 1829 1946 intelligitur
1849 1902 1889 1936 et
1908 1900 1988 1937 alia

330 1959 490 2004 species
525 1959 669 2004 lapidis
704 1959 743 1995 in
778 1960 856 1996 alio
893 1960 1109 1996 intellectu.
1159 1960 1264 1996 Istae
1298 1960 1458 2005 species
1485 1960 1712 2006 singulares
1739 1959 1987 1996 convenient

329 2018 369 2053 in
395 2018 552 2054 ratione
579 2018 733 2063 speciei
759 2019 990 2055 consimilis.
1025 2019 1130 2065 Ergo
1151 2020 1202 2055 ab
1219 2019 1307 2055 istis
1329 2020 1465 2064 potest
1484 2019 1665 2055 abstrahi
1691 2018 1853 2063 species
1880 2028 1986 2054 com·
2005 2032 2040 2057 30

330 2077 472 2112 munis.
504 2076 770 2113 Abstrahatur
790 2077 908 2123 igitur
926 2087 951 2114 a
970 2079 1128 2115 duobus
1146 2079 1417 2115 intellectibus
1433 2078 1603 2114 duorum
1618 2077 1798 2119 aliorum,
1814 2084 1986 2122 quaero:

329 2136 432 2172 istae
450 2138 463 2177 Η
482 2136 642 2180 species
673 2137 880 2173 secundae
915 2137 1212 2179 abstractionis,
1255 2138 1324 2173 aut
1359 2138 1452 2173 sunt
1486 2146 1567 2172 una
1599 2145 1779 2178 numero,
1819 2137 1858 2172 et
1892 2137 1988 2172 tunc

330 2195 474 2231 eadem
500 2195 656 2231 ratione
683 2195 837 2240 primae
847 2204 854 2238 ;
881 2197 950 2232 aut
976 2206 1057 2232 non
1084 2198 1177 2232 sunt
1202 2206 1282 2233 una
1308 2205 1488 2237 numero,
1516 2197 1555 2231 et
1575 2196 1671 2231 tunc
1690 2195 1834 2231 iterum
1853 2196 1989 2240 potest

330 2253 419 2289 fieri
444 2254 674 2296 abstractio,
702 2256 742 2290 et
767 2255 886 2290 ibitur
911 2255 951 2291 in
977 2255 1186 2291 infinitum.

471 2314 525 2349 11.
561 2313 739 2355 Dicebat,
778 2315 885 2359 quod
922 2314 962 2350 in
1000 2314 1274 2351 abstractione
1310 2314 1492 2350 secunda
1525 2323 1608 2349 non
1635 2314 1698 2349 est
1724 2313 1938 2349 diversitas
1965 2323 2042 2351 aar,

332 2371 470 2416 prima,
507 2371 600 2416 quia
637 2371 819 2408 eiusdem
846 2373 1011 2418 generis
1039 2375 1102 2410 est
1129 2374 1169 2410 et
1192 2373 1362 2409 rationis
1389 2372 1632 2408 universalis
1659 2372 1700 2408 et
1725 2371 1989 2417 particularis.

471 2429 638 2466 Contra:
679 2430 807 2467 Tanto
835 2432 998 2468 maioris
1026 2434 1089 2469 θεῖ
1114 2432 1263 2477 aliquid
1291 2431 1568 2476 simplicitatis,
1607 2432 1759 2476 quanto
1793 2431 1988 2467 remotius

333 2499 357 2525 a
383 2489 561 2525 materia.
601 2488 680 2526 Sed
707 2491 926 2527 abstractio
955 2492 1135 2527 secunda
1160 2491 1355 2527 remotior
1382 2492 1444 2527 est
1469 2500 1494 2527 a
1519 2490 1688 2526 materia
1711 2499 1831 2535 quam
1850 2490 1988 2534 prima.

334 2558 431 2594 ergo
458 2547 675 2593 simplicior
702 2550 741 2585 et
767 2549 917 2585 diversi
942 2551 1106 2596 generis
1130 2552 1181 2587 ab
1207 2551 1284 2586 illa.
2008 2572 2042 2597 40

474 2637 489 2668 1
514 2635 619 2676 quod]
639 2612 746 2668 B]
798 2636 816 2668 6
838 2635 885 2676 etl
906 2636 936 2668 Β
956 2645 1026 2669 om..
1100 2637 1118 2669 8
1140 2636 1357 2674 universale}
1379 2636 1408 2668 B
1428 2637 1485 2668 vel
1560 2636 1599 2668 12
1628 2634 1751 2673 virtus]
1775 2636 1805 2667 Β
1825 2634 1859 2671 4
1878 2635 1990 2667 virtus

336 2690 376 2721 15
403 2688 549 2729 aliquid]
581 2688 612 2720 B
637 2689 780 2729 aliquod
891 2689 931 2724 19
958 2689 1199 2728 contrahetur!
1231 2689 1261 2721 Β
1292 2689 1547 2721 contrahentur
1666 2689 1707 2720 24
1734 2687 1813 2726 nisi!
1855 2688 1884 2719 Β
1919 2696 1988 2720 οηι.

334 2743 376 2775 26
402 2742 628 2780 universalis(
655 2742 667 2774 1
676 2751 697 2774 n
724 2742 936 2783 margine:
964 2742 1095 2775 Contra
1114 2743 1387 2783 responsionem
1409 2743 1580 2782 probatur
1603 2741 1697 2782 quod
1717 2741 1801 2773 illud
1820 2741 1914 2782 quod
1935 2742 1991 2773 est

333 2796 368 2828 in
397 2796 516 2828 anima
543 2796 589 2827 sit
617 2804 702 2827 vere
734 2795 938 2827 universale
1029 2795 1071 2828 27
1099 2795 1282 2836 probatur]
1309 2797 1344 2828 et
1369 2795 1590 2836 probabatur
1685 2794 1818 2826 30-31
1847 2794 1990 2834 species

334 2847 542 2886 communis]
569 2849 599 2880 B
624 2849 843 2880 conveniens
939 2849 981 2880 37
1008 2848 1076 2887 θεῖ]
1104 2849 1134 2880 Β
1160 2857 1230 2881 om.

473 2930 484 2952 1
511 2931 580 2964 Ct'r.
608 2931 658 2963 De
682 2931 821 2963 Anima
846 2931 868 2970 Ι,
891 2933 909 2964 2
937 2927 1039 2974 (text.
1067 2930 1118 2969 8);
1145 2931 1182 2970 II,
1203 2932 1222 2964 8
1249 2930 1352 2970 (text.
1380 2930 1455 2969 60);
1482 2931 1567 2969 111‚4
1595 2930 1697 2969 (text.
1728 2928 1801 2969 18):
1829 2930 1989 2971 Metaph.

335 2985 388 3023 Xl,
411 2985 427 3016 1
449 2984 532 3023 (XII,
554 2985 640 3017 text.
662 2983 707 3023 4).
846 2983 861 3005 2
887 2984 956 3017 Cir.
983 2984 1034 3016 De
1060 2984 1170 3016 Caelo
1195 2984 1217 3023 Ι,
1236 2985 1255 3017 9
1282 2983 1385 3023 (text.
1406 2982 1481 3023 92);
1507 2984 1582 3016 Lib.
1609 2983 1737 3021 Destr.,
1765 2983 1854 3023 disp.
1875 2983 1898 3021 Ι,
1925 2983 1989 3015 soi.

335 3037 429 3069 dubii
456 3038 485 3069 7.
627 3036 641 3058 3
666 3037 718 3069 De
741 3036 881 3069 Anima
905 3036 957 3076 ΙΙΙ,
985 3037 1004 3069 4
1030 3035 1077 3076 (1,
1104 3037 1190 3069 text.
1219 3036 1251 3076 5)
1278 3035 1353 3076 (iol.
1383 3037 1446 3069 139
1459 3036 1494 3075 r).

473 3090 485 3110 ‘²
512 3089 659 3123 Ibidem.
802 3090 815 3110 5
841 3090 912 3123 Lib.
940 3100 972 3129 a,
1001 3091 1016 3122 1
1045 3089 1097 3129 (II,
1124 3091 1210 3122 text.
1238 3090 1283 3127 4).
