2095 3459
92 739 108 763 5

77 1040 109 1064 10

77 1335 108 1360 15

809 209 982 246 Quaestio
1009 211 1124 243 XXIII.
1723 210 1789 245 169

686 342 993 403 Quaestio
1032 344 1241 396 XXIII.

210 474 448 524 Supposito
482 476 599 524 quod
634 476 750 515 Deus
782 476 836 515 sit
868 477 1052 516 visibilis
1085 488 1163 527 per
1196 479 1446 527 essentiam,
1481 480 1706 529 quaeritur

355 547 499 585 utrum
533 546 736 586 videatur
767 558 846 596 per
879 547 1072 598 aliquam
1105 549 1299 598 speciem
1330 550 1520 590 mediam
1538 545 1561 591 ¹.

708 647 761 683 Et
786 648 965 684 videtur
990 649 1112 693 quod
1140 649 1217 685 sic.

268 731 298 764 1.
327 728 428 769 QuIa
455 729 550 765 dicit
575 729 896 775 Augustinus,
924 730 988 766 IX.
1015 731 1073 767 Dc
1104 732 1256 768 Trinss:
1291 732 1411 776 „Cum
1437 733 1565 769 Deum
1592 734 1789 777 novimus,

126 788 172 824 fit
197 789 333 834 aliqua
358 788 434 825 Dei
460 788 678 825 similitudo
705 789 745 825 in
772 789 924 825 nobis.“

265 849 298 883 2.
336 847 623 893 Respondetur
666 848 773 893 quod
817 848 992 893 loquitur
1034 858 1107 894 pro
1147 851 1254 886 statu
1292 850 1394 887 viae.
1458 850 1627 887 Contra:
1665 851 1790 888 Actus

128 907 407 953 cognoscendi
432 907 562 943 Deum
589 907 746 943 elicitur
771 908 821 943 ab
848 907 983 952 aliquo
1018 908 1167 944 habitu.
1219 909 1408 945 Similiter
1444 909 1673 946 intellectus
1709 911 1792 956 glo-

126 966 273 1007 riosus,
300 966 395 1002 dicit
420 966 688 1011 Magisterss,
713 966 824 1002 videt
850 966 980 1002 Deum
1007 976 1101 1003 esse
1128 967 1275 1003 trinum
1302 969 1343 1004 et
1368 978 1501 1004 unum.
1551 969 1631 1005 Ista
1656 970 1791 1005 autem

127 1025 291 1070 loquela
312 1024 468 1061 elicitur
487 1026 539 1061 ab
554 1025 689 1070 aliquo
710 1025 859 1061 habitu¹
897 1025 976 1061 Aut
997 1026 1047 1061 ab
1068 1025 1146 1068 illo,
1167 1036 1246 1071 quo
1267 1026 1511 1071 disponente
1526 1028 1637 1064 videt
1650 1028 1790 1078 Deum,

127 1085 196 1120 aut
221 1085 272 1120 ab
298 1083 389 1120 alio.
439 1083 527 1120 Non
559 1085 610 1120 ab
647 1084 726 1126 illo,
765 1084 857 1129 quia
894 1085 1026 1120 nullus
1065 1085 1226 1121 habitus
1265 1085 1372 1122 elicit
1410 1086 1683 1131 cognitionem
1718 1097 1792 1132 per

127 1142 335 1188 principia,
357 1152 461 1188 quae
480 1153 563 1179 non
584 1143 775 1184 continet,
797 1143 901 1179 sicut
920 1143 1052 1179 nullus
1072 1144 1184 1180 recte
1200 1144 1412 1190 syllogizat
1431 1145 1509 1181 nisi
1526 1155 1599 1190 per
1612 1146 1791 1182 habitum

128 1202 406 1239 confinentem
431 1202 629 1248 principia
655 1202 994 1248 syllogismorum.
1045 1202 1125 1239 Sed
1151 1203 1312 1239 habitus
1337 1204 1568 1248 praedictus
1595 1215 1676 1240 non
1699 1214 1792 1241 con-

127 1261 229 1298 tInet
253 1261 295 1297 in
320 1270 367 1297 se
393 1261 582 1297 virtutem
608 1261 727 1297 huius
753 1261 990 1297 locutionis:
1031 1261 1161 1305 „Deus
1199 1263 1262 1298 est
1293 1263 1421 1298 trinus
1454 1264 1493 1298 et
1525 1265 1661 1303 unus,“
1701 1274 1789 1299 cum

128 1321 180 1357 sit
205 1321 294 1357 sola
320 1320 531 1366 dispositIO
558 1321 610 1356 ad
636 1320 914 1366 attingendam
944 1320 1051 1356 illam
1079 1321 1336 1364 locutionem,
1364 1322 1468 1358 sicut
1492 1332 1570 1358 nec
1594 1332 1667 1367 per
1687 1323 1791 1358 sani—

128 1381 254 1416 tatem
281 1379 386 1416 oculi
410 1379 555 1425 aliquis
582 1379 694 1416 videt
720 1379 860 1421 solem,
900 1379 978 1415 nisi
1015 1379 1167 1425 aliquid
1203 1380 1453 1425 imprimatur
1487 1391 1512 1417 a
1546 1381 1632 1417 sole
1668 1390 1791 1426 super

129 1440 299 1476 oculum.
349 1439 453 1485 Ergo
479 1440 645 1484 praeter
669 1439 849 1475 habitum
874 1439 1029 1484 gloriae
1056 1448 1231 1475 necesse
1259 1441 1322 1476 est
1347 1440 1519 1485 aliquam
1543 1450 1637 1476 esse
1658 1440 1806 1476 simili-·

128 1499 309 1535 tudinem
335 1498 664 1535 intellectualem.
713 1498 794 1534 Aut
820 1493 918 1543 ergo
946 1499 1010 1534 est
1034 1498 1113 1534 ista
1138 1498 1354 1543 impressio
1390 1499 1550 1535 habitus
1587 1501 1627 1535 et
1663 1501 1789 1541 actus,

128 1560 197 1594 aut
222 1558 337 1594 actus
363 1558 529 1594 tantum.
578 1557 667 1593 Non
692 1558 808 1593 actus
834 1558 1000 1599 tantum,
1033 1557 1127 1602 quia
1151 1558 1371 1602 perfectior
1396 1559 1511 1594 actus
1537 1569 1627 1594 cum
1652 1560 1791 1597 habitu

76 1630 103 1655 ἴ
130 1627 249 1662 quam
287 1617 402 1653 actus
440 1616 562 1653 solus.
610 1616 716 1663 Ergo
753 1617 918 1661 praeter
955 1616 1265 1661 dispositionem
1283 1620 1296 1660 ΙΙ
1314 1618 1365 1653 ad
1403 1617 1621 1654 videndum
1659 1619 1789 1656 Deum

128 1675 278 1721 aliquid
304 1675 412 1712 aliud
438 1675 676 1720 imprimitur
702 1684 826 1720 super
856 1675 1117 1717 intellectum,
1156 1685 1235 1720 quo
1267 1676 1473 1713 mediante
1506 1677 1617 1713 videt
1651 1677 1791 1715 Deum.

267 1736 299 1771 3.
325 1734 425 1771 Item
449 1735 529 1771 nisi
553 1735 609 1770 ita
636 1735 760 1776 esset,
786 1734 1016 1770 intellectus
1043 1734 1246 1780 gloriosus
1272 1745 1296 1771 a
1316 1735 1453 1772 Verbo
1474 1737 1687 1781 separatus
1708 1747 1791 1774 non

129 1794 299 1830 haberet
330 1794 568 1830 memoriam
601 1803 741 1829 eorum
776 1803 882 1839 quae
908 1793 1020 1830 videt
1044 1793 1085 1829 in
1111 1793 1259 1830 Verbo.
1309 1793 1426 1835 Quod
1453 1796 1516 1831 est
1540 1795 1696 1832 falsum.
1745 1796 1792 1832 Et

128 1854 241 1898 patet
267 1853 450 1889 secunda
474 1852 669 1889 instantia
693 1852 734 1888 in
754 1852 877 1888 Paulo
903 1853 1020 1897 rapto
1041 1852 1130 1897 (<1.>
1151 1852 1253 1896 Cor„
1273 1854 1327 1895 12,
1347 1853 1442 1899 <2>),
1469 1854 1537 1899 qui
1554 1855 1791 1891 memoriam

94 1926 110 1951 5
128 1912 267 1949 habuit
285 1922 436 1954 eorum,
457 1911 618 1957 quaein
632 1911 768 1948 Verbo
782 1912 951 1953 viderat,
972 1921 1077 1957 quae
1093 1911 1216 1948 etiam
1228 1912 1338 1957 loqui
1357 1912 1510 1949 homini
1528 1923 1611 1950 non
1630 1913 1789 1950 licebat.

869 1994 1048 2032 Contra.

267 2069 297 2103 1.
325 2067 367 2103 Si
391 2067 551 2103 videtur
575 2076 649 2111 per
675 2066 987 2108 similitudinem,
1013 2066 1080 2102 illa
1106 2066 1322 2102 similitudo
1344 2067 1407 2102 est
1427 2066 1577 2111 aliquid
1597 2067 1788 2103 creatum.

75 2154 78 2157 .
129 2126 269 2163 Omnis
302 2127 438 2162 autem
470 2126 657 2162 creatura
694 2127 757 2162 est
793 2125 923 2171 magis
957 2125 1045 2161 Deo
1084 2125 1289 2161 dissimilis
1328 2135 1448 2170 quam
1485 2125 1634 2161 similis.
1683 2125 1789 2171 Ergo

76 2261 110 2287 30

77 2554 110 2579 35

129 2185 353 2222 secundum
378 2185 457 2221 hoe
476 2185 608 2221 nullus
628 2184 788 2221 videret
807 2184 938 2221 Deum
957 2184 1036 2221 nisi
1054 2178 1128 2229 per
1146 2193 1234 2220 rem
1253 2184 1500 2221 dissimilem.
1540 2184 1656 2225 Quod
1677 2186 1790 2221 esset

128 2254 210 2281 non
235 2244 378 2281 videre
403 2244 543 2280 Deum.

267 2304 299 2339 2.
324 2303 424 2340 Item
458 2313 564 2348 quae
595 2303 638 2339 in
662 2303 749 2339 Deo
785 2303 979 2339 differunt
1016 2303 1240 2338 secundum
1276 2302 1486 2343 rationem,
1524 2302 1565 2338 in
1603 2303 1790 2338 creatura

128 2362 398 2408 participante
418 2362 611 2398 differunt
631 2363 856 2398 secundum
877 2371 975 2403 rem,
1001 2371 1037 2396 v.
1058 2371 1093 2407 g.
1114 2361 1307 2406 potentia,
1335 2361 1537 2405 sapientia
1556 2362 1596 2396 et
1615 2361 1788 2402 bonitas,

130 2423 170 2458 et
195 2423 255 2458 sic
280 2421 331 2457 de
357 2421 505 2458 ceteris
531 2421 850 2466 perfectionibus
879 2420 1036 2457 divinis.
1085 2420 1189 2466 Ergo
1217 2420 1251 2456 si
1270 2419 1379 2455 Deus
1401 2419 1561 2455 videtur
1585 2429 1658 2464 per
1684 2419 1789 2455 simi-

128 2481 348 2523 litudinem,
384 2481 507 2517 debet
533 2480 640 2526 quod
666 2480 852 2516 videatur
876 2489 950 2525 per
974 2480 1034 2515 tot
1059 2478 1352 2520 similitudines,
1391 2479 1489 2523 quot
1514 2479 1608 2514 sunt
1631 2478 1672 2513 in
1698 2477 1788 2522 ipso

128 2540 310 2576 rationes
335 2539 529 2576 visibiles.
580 2539 697 2580 Quod
723 2540 786 2575 est
810 2538 1119 2575 inconveniens.

269 2640 288 2672 9
313 2638 500 2681 Magister]
526 2639 562 2671 in

269 2746 282 2769 1
309 2747 379 2780 Cir.
404 2748 607 2786 Thomas,
635 2745 730 2779 Sent.
756 2745 813 2784 IV,
840 2746 871 2777 d.
900 2744 953 2783 49,
981 2752 1013 2783 q.
1041 2743 1072 2782 2,
1099 2752 1130 2775 a.
1159 2743 1194 2780 1;
1222 2742 1272 2774 De
1303 2742 1416 2780 Verit„
1444 2751 1477 2782 q.
1505 2742 1536 2781 8,
1563 2751 1594 2774 a.
1616 2743 1651 2780 13
1679 2751 1711 2782 q.
1735 2742 1787 2780 10,

130 2809 162 2833 a.
186 2801 246 2840 11;
274 2809 307 2840 q.
327 2800 380 2839 18,
399 2809 430 2833 a.
452 2800 487 2839 1;
516 2799 647 2839 Quodl.
667 2799 739 2837 VII,
758 2807 788 2831 a.
812 2798 842 2830 1.
881 2797 1055 2834 Scotus,
1081 2795 1178 2828 Sene.
1205 2795 1259 2833 IV,
1286 2795 1316 2827 d.
1345 2795 1398 2834 45,
1426 2804 1458 2835 q.
1487 2796 1502 2826 1
1531 2804 1564 2827 n.
1586 2795 1616 2833 3,
1637 2794 1674 2833 4,
1702 2803 1733 2834 q.
1755 2795 1785 2826 3.

131 2853 395 2894 Capreolus,
420 2852 492 2892 VII,
519 2852 585 2884 218
606 2861 653 2884 ss.
699 2849 1041 2887 ,Monteiortinm
1067 2848 1090 2886 I,
1118 2848 1181 2880 291
1205 2857 1252 2880 ss.

265 2905 281 2928 2
305 2906 360 2945 IX,
388 2906 430 2938 12
456 2904 527 2945 (PL
552 2905 606 2944 42,
632 2905 698 2938 969
724 2914 757 2937 11.
785 2904 839 2936 16.

268 2958 284 2981 3
307 2959 396 2992 Dist.
423 2959 477 2998 49,
503 2968 537 2999 p.
564 2959 594 2997 1,
621 2967 699 2999 cap.
727 2958 758 2990 2.
809 2956 924 2996 „Nihil
949 2955 1043 2988 enim
1068 2955 1103 2986 in
1128 2954 1205 2986 Deo
1235 2953 1408 2985 noscibile
1433 2953 1548 2985 maius
1573 2952 1787 2993 digniusque

133 3013 284 3052 videtur,
325 3021 432 3052 quam
466 3013 547 3044 eum
579 3011 783 3052 intelligere
816 3010 947 3042 trinum
981 3009 1016 3041 et
1049 3012 1174 3044 unum;
1211 3007 1279 3038 hoc
1313 3007 1431 3038 autem
1465 3014 1589 3038 omnes
1614 3005 1697 3037 tunc
1721 3013 1788 3045 per

133 3066 294 3107 speciem
319 3063 571 3107 cognoscent.“
620 3064 790 3102 Bonam,
820 3063 885 3104 Op.
913 3070 1010 3094 omn.
1036 3060 1091 3099 lv,
1118 3059 1194 3092 998.

1816 1628 1876 1659 rol.
1897 1628 1966 1660 361·
1978 1628 1997 1659 b
