2095 3459
651 206 823 246 Quaestio
850 210 972 243 XXVII
999 214 1035 243 et
1060 211 1209 244 XXVIII.
1702 208 1764 243 191

232 303 292 340 Ad
320 305 428 340 aliud
456 306 673 342 dicendum
701 308 808 352 quod
838 309 923 344 tota
949 308 1081 350 sentit,
1110 308 1214 344 sicut
1232 309 1357 344 totum
1379 308 1528 344 animal
1551 308 1674 344 sentit
1694 317 1767 352 per

92 363 249 407 partem
270 364 310 398 et
344 363 676 410 impercerptibili
703 368 898 412 temporis
930 367 1144 403 intervallo
1171 368 1251 403 alia
1278 377 1372 412 pars
1400 368 1582 412 corporis
1609 368 1659 403 ad
1687 367 1767 403 Iae-

92 430 179 457 sam
206 423 404 463 movetur,
432 424 527 468 quia
553 425 763 461 immutata
788 428 904 471 parte
931 428 1016 462 tota
1042 436 1117 471 per
1142 436 1402 471 consequens
1431 427 1672 463 immutatur.

233 480 310 516 Alii
337 483 510 518 conced-
525 486 538 526 ΙΙ
553 486 641 520 —unt
661 486 769 529 quod
791 486 1078 522 universaliter
1099 486 1297 522 sensitiva
1317 487 1379 522 est
1396 486 1437 522 in
1458 486 1636 530 qualibet
1650 486 1765 531 parte
1793 488 1854 520 rol.
1875 488 1976 520 34vb

57 552 72 576 5
93 540 276 585 corporis
303 542 399 582 tota,
426 544 507 578 tam
534 543 702 579 brutalis
730 554 851 589 quam
870 544 1092 580 rationalis.
1130 544 1177 580 Et
1203 544 1340 581 dieunt
1361 546 1467 589 quod
1489 545 1599 581 Deus
1624 544 1767 580 indidit

39 846 71 872 10

36 1815 70 1840 20

36 2175 70 2201 25

90 599 287 636 materiae
319 600 502 637 rationes
535 602 768 645 seminales,
801 613 884 639 non
916 604 1073 639 tantum
1103 604 1295 649 respectu
1325 604 1546 640 formarum
1578 611 1767 648 corpora-

90 659 196 700 lium,
224 660 298 695 sed
313 660 484 703 <etiam>
498 663 691 706 respectu
712 663 991 707 spiritualium,
1018 663 1139 699 modo
1157 664 1340 705 <tamen>
1360 664 1535 708 quodam
1557 663 1765 708 spirituali.

89 718 149 754 De
176 728 256 763 qua
282 719 377 755 dicit
397 719 702 766 Augustinus
729 722 831 758 libro
859 722 918 758 De
937 722 1207 758 Mirabilibus
1226 722 1379 759 Sacrae
1397 723 1653 767 scripturae,
1679 732 1765 767 cap.

90 779 172 814 29¹:
201 778 356 821 „Vitam
376 780 509 821 <enim
527 780 849 822 in—>sensibilem
875 782 1025 818 terram
1051 782 1204 818 habere
1231 782 1506 818 indubitanter
1532 781 1765 821 dinoscitur,

90 846 164 882 per
184 846 304 882 quam
325 838 365 873 in
387 848 433 874 se
455 840 686 875 crescentia
705 841 897 876 arborum
917 842 982 883 <et
1002 840 1182 882 olerum>
1196 840 1345 877 truteta
1365 841 1522 877 moveri
1542 841 1764 877 videntur.“

229 895 341 942 Elige
368 898 576 939 lectorum,
605 899 711 943 quod
739 899 869 945 magis
896 900 1014 936 nobis
1041 900 1213 936 libuerit.

644 1172 953 1233 Quaestio
992 1173 1228 1226 XXVIII.
1788 1184 1849 1217 roz.
1877 1185 1975 1217 ma

113 1305 353 1351 Quaeritur
385 1306 439 1346 de
471 1305 663 1357 imagine
677 1301 705 1356 ²,
739 1307 881 1357 primo
914 1307 955 1346 in
991 1307 1204 1358 generali,
1237 1307 1435 1348 seeundo
1467 1307 1511 1346 in
1543 1307 1740 1358 speciali.

614 1377 661 1416 In
695 1378 895 1428 generali
927 1378 1129 1429 arguitur
1160 1378 1237 1418 810.

325 1478 599 1522 ostenditur,
625 1480 747 1524 quod
774 1480 899 1515 nulla
926 1480 1143 1516 creatura
1170 1479 1225 1516 sit
1249 1480 1401 1525 imago
1428 1479 1523 1516 Dei.
1789 1475 1837 1511 A·

231 1563 261 1597 1.
296 1561 434 1607 Imago
475 1563 538 1598 est
577 1562 795 1601 similitudo
835 1571 1046 1607 expressa.
1097 1562 1178 1599 Sed
1214 1562 1345 1598 omnis
1372 1563 1560 1599 creatura
1584 1562 1674 1607 plus
1702 1563 1765 1598 est

90 1620 178 1657 Deo
205 1620 423 1665 dissimilis,
450 1631 571 1667 quam
597 1621 750 1657 similis.
799 1621 905 1667 Ergo
932 1621 1042 1657 nulla
1069 1621 1257 1657 ereatura
1283 1622 1346 1658 est
1371 1621 1447 1657 Dei
1471 1621 1617 1667 imago.

229 1686 261 1722 2.
297 1686 397 1722 Item
436 1686 477 1721 in
514 1685 715 1721 infinitum
754 1686 988 1722 distantium
1025 1695 1109 1722 non
1149 1687 1213 1722 est
1249 1686 1381 1722 maior
1422 1686 1762 1731 appropinquatio

89 1744 209 1780 unius
234 1748 247 1789 Η
269 1754 391 1790 quam
427 1745 607 1781 alterius.
664 1745 744 1782 Sed
778 1745 911 1781 omnis
947 1745 1136 1781 creatura
1171 1745 1294 1781 distat
1319 1755 1344 1781 a
1370 1745 1457 1782 Deo
1485 1746 1525 1781 in
1551 1744 1763 1781 infinitum.
1789 1749 1850 1781 rol.
1874 1750 1972 1781 18vb

88 1803 194 1849 Ergo
220 1804 332 1840 nulla
358 1805 548 1840 creatura
572 1804 663 1850 plus
691 1805 755 1841 est
780 1804 915 1850 imago
943 1813 1065 1849 quam
1091 1804 1181 1840 alia.

227 1870 259 1905 3.
286 1869 385 1905 Item
411 1869 631 1905 Hilarius
646 1872 660 1894 3
680 1869 776 1905 dicit
797 1869 905 1914 quod
930 1869 1065 1914 imago
1093 1870 1157 1905 est
1181 1869 1242 1905 rei
1267 1870 1318 1906 ad
1345 1879 1432 1906 rem
1454 1869 1763 1915 coaequandam

90 1927 252 1973 speeies
279 1928 531 1964 indifferens.
584 1928 665 1965 Sed
691 1929 905 1964 creaturae
932 1928 984 1964 ad
1011 1928 1142 1964 Deum
1167 1938 1250 1964 non
1277 1929 1340 1964 est
1367 1929 1620 1973 coaequatio.

316 2023 427 2059 Item
455 2022 709 2059 ostendimr
734 2023 858 2068 quod
885 2023 1041 2059 anima
1066 2031 1158 2059 non
1185 2022 1241 2059 sit
1264 2023 1417 2068 imago
1444 2023 1538 2059 Dei.
1786 2023 1834 2058 A.
1855 2032 1895 2059 a.

229 2107 260 2142 1.
300 2105 403 2147 Quia
436 2106 527 2151 plus
554 2106 748 2142 convenit
774 2116 865 2142 cum
891 2106 1040 2152 angelo
1067 2115 1189 2165 quam
1214 2116 1305 2142 eum
1330 2106 1430 2142 Deo.
1482 2106 1562 2142 Sed
1588 2116 1672 2142 non
1699 2107 1761 2142 est

88 2164 223 2211 Imago
250 2165 397 2211 angeli
445 2165 551 2211 Ergo
578 2175 657 2201 nec
682 2165 769 2201 Dei.

212 2288 247 2337 Ἰ7
275 2304 466 2345 spirituali]
491 2305 567 2337 vel:
592 2305 744 2345 speciali
755 2303 805 2344 (P)
827 2317 868 2330 :
892 2305 986 2345 spali
1060 2305 1101 2337 10
1128 2304 1343 2343 crescentia]
1369 2305 1609 2337 crescentium
1686 2312 1759 2335 mo-

88 2356 178 2396 veri]
204 2366 353 2390 movere
450 2359 491 2390 15
518 2358 738 2397 ostenditur,
772 2358 869 2398 quod
899 2359 999 2390 nulla
1024 2359 1192 2390 creatura
1217 2358 1263 2390 sit
1286 2358 1407 2398 imago
1432 2356 1510 2396 Dei]
1548 2358 1666 2389 totum
1692 2357 1760 2388 hoe

90 2410 221 2442 addidi
316 2410 358 2442 22
384 2410 614 2451 coaequatio]
640 2411 688 2443 ab
714 2411 837 2444 altera
862 2419 981 2443 manu
1006 2411 1047 2443 in
1072 2411 1247 2450 margine
1272 2411 1435 2442 adicitur

229 2532 242 2555 1
266 2534 291 2573 Ι,
319 2534 360 2567 29
388 2532 459 2573 (PL
484 2535 539 2574 35,
567 2534 681 2575 2171).
732 2535 983 2576 Augustino
1009 2535 1101 2568 falso
1129 2535 1340 2567 attribuitur.

228 2586 243 2609 2
270 2587 341 2620 Cfr.
367 2587 539 2626 Bonav.,
568 2587 634 2629 Op.
665 2597 764 2621 omn.
790 2588 830 2626 ΙΙ,
857 2588 923 2621 393
945 2597 993 2620 ss.
1020 2584 1128 2630 (Tota
1153 2588 1233 2620 dist.
1261 2584 1336 2630 16);
1375 2587 1398 2627 Ι,
1427 2587 1469 2620 80
1489 2594 1556 2626 88.;
1594 2587 1756 2619 Brevilo-

91 2641 223 2681 quium
248 2640 288 2679 ΙΙ,
316 2640 375 2679 12;
413 2640 669 2679 [liner-arium,
708 2650 787 2682 cap.
815 2641 852 2680 4;
890 2641 982 2673 Joh.
1018 2641 1068 2673 de
1103 2641 1307 2681 Rupella,
1345 2640 1503 2673 Summa
1539 2640 1583 2673 de
1618 2640 1757 2673 Anima

89 2694 114 2732 Ι,
141 2693 277 2725 27-33
305 2691 355 2733 (p.
383 2693 448 2725 143
469 2692 552 2733 88.);
579 2694 783 2733 Thomas,
810 2694 907 2727 Sent.
934 2694 958 2732 Ι,
985 2694 1017 2726 d.
1038 2694 1070 2732 3,
1098 2703 1131 2734 q.
1154 2694 1173 2726 3
1195 2695 1231 2726 et
1251 2694 1288 2731 4;
1314 2693 1410 2726 Sent.
1436 2693 1475 2731 ΙΙ,
1502 2694 1534 2726 d.
1562 2693 1621 2731 16;
1648 2693 1682 2725 S.
1704 2690 1755 2725 th.

89 2746 113 2786 I,
141 2755 174 2787 q.
202 2746 257 2785 93,
283 2746 499 2786 praesertim
525 2755 557 2779 a.
585 2747 603 2778 5
631 2748 667 2779 et
693 2747 730 2786 6;
763 2747 937 2786 Scotus,
963 2746 1060 2779 Sem.
1087 2747 1111 2786 Ι,
1137 2747 1169 2779 d.
1197 2746 1228 2786 3,
1255 2755 1288 2787 q.
1316 2746 1353 2785 9;
1386 2746 1474 2787 Περ.
1500 2746 1632 2778 ibidem
1658 2754 1690 2785 q.
1719 2746 1756 2785 7;

89 2799 214 2831 Henr.
242 2798 384 2838 Gand.‚
415 2798 460 2837 S„
488 2808 518 2832 a.
547 2799 600 2839 40,
629 2808 662 2840 q.
690 2801 720 2839 7,
746 2809 780 2832 n.
809 2800 869 2838 16;
897 2799 1157 2840 Capreolus,
1183 2799 1207 2838 Ι,
1236 2799 1300 2831 172
1321 2805 1386 2837 88.;
1413 2799 1754 2837 Montefortino,

89 2852 143 2891 III,
171 2852 235 2884 823
255 2860 304 2884 ss.

227 2903 242 2926 3
266 2904 374 2937 Liber
399 2904 443 2937 de
467 2904 681 2945 Synodis:‚
683 2905 817 2946 ‚Imago
843 2905 932 2943 eius,
959 2905 1004 2937 ad
1031 2905 1127 2945 quod
1145 2904 1361 2945 imaginatur
1380 2904 1523 2944 species
1543 2904 1754 2936 indifferens

91 2957 156 2989 est.
206 2957 333 2996 Neque
359 2957 453 2989 enim
478 2958 560 2998 ipse
586 2958 654 2990 sibi
687 2958 881 2998 quisquam
911 2958 1032 2998 imago
1070 2958 1135 2996 est,
1174 2957 1239 2988 sed
1274 2965 1355 2989 eum
1392 2957 1493 2988 cuius
1530 2956 1650 2997 imago
1688 2956 1754 2994 est,

90 3018 243 3042 necesse
270 3011 326 3041 est
350 3011 388 3041 ut
412 3010 533 3051 imago
559 3010 790 3043 demonstret.
828 3011 951 3051 Imago
978 3019 1066 3050 ergo
1093 3010 1148 3042 est
1172 3009 1225 3041 rei
1251 3009 1295 3041 ad
1320 3018 1395 3041 rem
1422 3009 1694 3049 coaequandam
1719 3009 1755 3040 et

90 3060 289 3102 imaginata
315 3063 350 3093 et
374 3062 568 3094 indiscreta
594 3062 806 3095 similitudo“
835 3062 905 3102 (PL
934 3063 986 3102 10,
1014 3061 1105 3101 490).
