<?xml version="1.0" encoding="UTF-8"?>
<!DOCTYPE html PUBLIC "-//W3C//DTD XHTML 1.0 Transitional//EN"
    "http://www.w3.org/TR/xhtml1/DTD/xhtml1-transitional.dtd">
<html xmlns="http://www.w3.org/1999/xhtml" xml:lang="en" lang="en">
 <head>
  <title>
</title>
<meta http-equiv="Content-Type" content="text/html;charset=utf-8" />
  <meta name='ocr-system' content='tesseract 3.04.00' />
  <meta name='ocr-capabilities' content='ocr_page ocr_carea ocr_par ocr_line ocrx_word'/>
</head>
<body>
  <div class='ocr_page' id='page_1' title='image "./johannispechamiq00peck/johannispechamiq00peck_0080.png"; bbox 0 0 2095 3459; ppageno 0'>
   <div class='ocr_carea' id='block_1_1' title="bbox 323 146 1482 191">
    <p class='ocr_par' dir='ltr' id='par_1_1' title="bbox 323 146 1482 191">
     <span class='ocr_line' id='line_1_1' title="bbox 323 146 1482 191; baseline -0.009 0"><span class='ocrx_word' id='word_1_1' title='bbox 323 149 368 191; x_wconf 80' lang='grc'>36</span> <span class='ocrx_word' id='word_1_2' title='bbox 834 146 1010 185; x_wconf 73' lang='lat' dir='ltr'>johannis</span> <span class='ocrx_word' id='word_1_3' title='bbox 1036 149 1206 184; x_wconf 85' lang='lat' dir='ltr'>Pechami</span> <span class='ocrx_word' id='word_1_4' title='bbox 1232 146 1482 186; x_wconf 79' lang='lat' dir='ltr'>Quaestiones.</span> 
     </span>
    </p>
   </div>
   <div class='ocr_carea' id='block_1_2' title="bbox 324 245 2056 1950">
    <p class='ocr_par' dir='ltr' id='par_1_2' title="bbox 324 245 2034 533">
     <span class='ocr_line' id='line_1_2' title="bbox 466 245 1996 294; baseline -0.005 -7"><span class='ocrx_word' id='word_1_5' title='bbox 466 252 583 292; x_wconf 90' lang='lat' dir='ltr'>Quod</span> <span class='ocrx_word' id='word_1_6' title='bbox 611 250 734 287; x_wconf 90' lang='lat' dir='ltr'>etiam</span> <span class='ocrx_word' id='word_1_7' title='bbox 761 248 956 294; x_wconf 84' lang='lat' dir='ltr'>colligere</span> <span class='ocrx_word' id='word_1_8' title='bbox 984 248 1062 284; x_wconf 89' lang='lat' dir='ltr'>sibi</span> <span class='ocrx_word' id='word_1_9' title='bbox 1086 247 1277 284; x_wconf 89' lang='lat' dir='ltr'>videntur</span> <span class='ocrx_word' id='word_1_10' title='bbox 1303 256 1387 282; x_wconf 90' lang='lat' dir='ltr'>non</span> <span class='ocrx_word' id='word_1_11' title='bbox 1413 245 1544 282; x_wconf 90' lang='lat' dir='ltr'>solum</span> <span class='ocrx_word' id='word_1_12' title='bbox 1577 254 1632 282; x_wconf 87' lang='lat' dir='ltr'>ex</span> <span class='ocrx_word' id='word_1_13' title='bbox 1656 245 1996 290; x_wconf 86' lang='lat' dir='ltr'>Philosoph01‚</span> 
     </span>
     <span class='ocr_line' id='line_1_3' title="bbox 325 303 1997 353; baseline -0.006 -5"><span class='ocrx_word' id='word_1_14' title='bbox 325 312 399 348; x_wconf 91' lang='lat' dir='ltr'>sed</span> <span class='ocrx_word' id='word_1_15' title='bbox 425 311 595 353; x_wconf 86' lang='lat' dir='ltr'>&lt;etiam&gt;</span> <span class='ocrx_word' id='word_1_16' title='bbox 635 319 688 345; x_wconf 85' lang='lat' dir='ltr'>ex</span> <span class='ocrx_word' id='word_1_17' title='bbox 720 308 833 344; x_wconf 88' lang='lat' dir='ltr'>Dam</span> <span class='ocrx_word' id='word_1_18' title='bbox 845 317 897 344; x_wconf 91' lang='lat' dir='ltr'>as</span> <span class='ocrx_word' id='word_1_19' title='bbox 909 317 1032 344; x_wconf 91' lang='lat' dir='ltr'>ceno</span> <span class='ocrx_word' id='word_1_20' title='bbox 1059 306 1307 343; x_wconf 84' lang='lat' dir='ltr'>ostendente</span> <span class='ocrx_word' id='word_1_21' title='bbox 1333 305 1399 341; x_wconf 92' lang='lat' dir='ltr'>lib.</span> <span class='ocrx_word' id='word_1_22' title='bbox 1425 304 1458 340; x_wconf 94' lang='grc' dir='ltr'>ΙΙ</span> <span class='ocrx_word' id='word_1_23' title='bbox 1484 314 1571 349; x_wconf 90' lang='lat' dir='ltr'>cap.</span> <span class='ocrx_word' id='word_1_24' title='bbox 1597 304 1668 339; x_wconf 82' lang='lat' dir='ltr'>X2.</span> <span class='ocrx_word' id='word_1_25' title='bbox 1720 303 1888 347; x_wconf 89' lang='lat' dir='ltr'>„Anima</span> <span class='ocrx_word' id='word_1_26' title='bbox 1913 313 1997 339; x_wconf 92' lang='lat' dir='ltr'>non</span> 
     </span>
     <span class='ocr_line' id='line_1_4' title="bbox 324 362 1997 416; baseline -0.006 -9"><span class='ocrx_word' id='word_1_27' title='bbox 324 371 433 407; x_wconf 91' lang='lat' dir='ltr'>aliud</span> <span class='ocrx_word' id='word_1_28' title='bbox 459 370 625 416; x_wconf 88' lang='lat' dir='ltr'>praeter</span> <span class='ocrx_word' id='word_1_29' title='bbox 652 377 697 404; x_wconf 88' lang='lat' dir='ltr'>se</span> <span class='ocrx_word' id='word_1_30' title='bbox 724 368 850 403; x_wconf 91' lang='lat' dir='ltr'>habet</span> <span class='ocrx_word' id='word_1_31' title='bbox 875 366 1138 407; x_wconf 84' lang='lat' dir='ltr'>intellectum,</span> <span class='ocrx_word' id='word_1_32' title='bbox 1177 365 1252 401; x_wconf 89' lang='lat' dir='ltr'>sed</span> <span class='ocrx_word' id='word_1_33' title='bbox 1286 365 1445 410; x_wconf 87' lang='lat' dir='ltr'>partem</span> <span class='ocrx_word' id='word_1_34' title='bbox 1478 363 1540 399; x_wconf 92' lang='lat' dir='ltr'>sui</span> <span class='ocrx_word' id='word_1_35' title='bbox 1574 363 1702 408; x_wconf 89' lang='lat' dir='ltr'>ipsius</span> <span class='ocrx_word' id='word_1_36' title='bbox 1728 362 1997 408; x_wconf 89' lang='lat' dir='ltr'>purissimam.</span> 
     </span>
     <span class='ocr_line' id='line_1_5' title="bbox 326 421 1999 470; baseline -0.006 -4"><span class='ocrx_word' id='word_1_37' title='bbox 326 430 437 466; x_wconf 88' lang='lat' dir='ltr'>Sicut</span> <span class='ocrx_word' id='word_1_38' title='bbox 463 428 572 465; x_wconf 91' lang='lat' dir='ltr'>enim</span> <span class='ocrx_word' id='word_1_39' title='bbox 598 427 740 464; x_wconf 90' lang='lat' dir='ltr'>oculus</span> <span class='ocrx_word' id='word_1_40' title='bbox 767 426 809 462; x_wconf 91' lang='lat' dir='ltr'>in</span> <span class='ocrx_word' id='word_1_41' title='bbox 847 434 1033 470; x_wconf 87' lang='lat' dir='ltr'>corpore,</span> <span class='ocrx_word' id='word_1_42' title='bbox 1071 424 1128 460; x_wconf 90' lang='lat' dir='ltr'>ita</span> <span class='ocrx_word' id='word_1_43' title='bbox 1158 424 1199 460; x_wconf 90' lang='lat' dir='ltr'>in</span> <span class='ocrx_word' id='word_1_44' title='bbox 1236 423 1373 460; x_wconf 87' lang='lat' dir='ltr'>anima</span> <span class='ocrx_word' id='word_1_45' title='bbox 1406 422 1672 458; x_wconf 86' lang='lat' dir='ltr'>intellectuS.“</span> <span class='ocrx_word' id='word_1_46' title='bbox 1721 421 1827 467; x_wconf 89' lang='lat' dir='ltr'>Ergo</span> <span class='ocrx_word' id='word_1_47' title='bbox 1862 421 1999 457; x_wconf 86' lang='lat' dir='ltr'>anima</span> 
     </span>
     <span class='ocr_line' id='line_1_6' title="bbox 326 481 2034 533; baseline -0.009 -9"><span class='ocrx_word' id='word_1_48' title='bbox 326 489 449 524; x_wconf 92' lang='lat' dir='ltr'>habet</span> <span class='ocrx_word' id='word_1_49' title='bbox 474 488 632 533; x_wconf 89' lang='lat' dir='ltr'>partem</span> <span class='ocrx_word' id='word_1_50' title='bbox 659 487 700 522; x_wconf 87' lang='lat' dir='ltr'>et</span> <span class='ocrx_word' id='word_1_51' title='bbox 725 486 894 531; x_wconf 90' lang='lat' dir='ltr'>partem.</span> <span class='ocrx_word' id='word_1_52' title='bbox 2016 481 2034 508; x_wconf 82' lang='lat'><strong>5</strong></span> 
     </span>
    </p>

    <p class='ocr_par' dir='ltr' id='par_1_3' title="bbox 325 539 2000 710">
     <span class='ocr_line' id='line_1_7' title="bbox 467 539 2000 590; baseline -0.005 -8"><span class='ocrx_word' id='word_1_53' title='bbox 467 547 567 582; x_wconf 85' lang='lat' dir='ltr'>Item</span> <span class='ocrx_word' id='word_1_54' title='bbox 592 546 635 581; x_wconf 93' lang='lat' dir='ltr'>in</span> <span class='ocrx_word' id='word_1_55' title='bbox 662 546 810 581; x_wconf 90' lang='lat' dir='ltr'>eodem</span> <span class='ocrx_word' id='word_1_56' title='bbox 838 544 1061 590; x_wconf 63' lang='lat' dir='ltr'>capitulo-⁵³:</span> <span class='ocrx_word' id='word_1_57' title='bbox 1102 543 1253 587; x_wconf 88' lang='lat' dir='ltr'>„Homo</span> <span class='ocrx_word' id='word_1_58' title='bbox 1280 541 1513 578; x_wconf 89' lang='lat' dir='ltr'>inanimatis</span> <span class='ocrx_word' id='word_1_59' title='bbox 1541 540 1813 576; x_wconf 82' lang='lat' dir='ltr'>communicat</span> <span class='ocrx_word' id='word_1_60' title='bbox 1839 540 1880 576; x_wconf 89' lang='lat' dir='ltr'>et</span> <span class='ocrx_word' id='word_1_61' title='bbox 1903 539 2000 575; x_wconf 87' lang='lat' dir='ltr'>irra-</span> 
     </span>
     <span class='ocr_line' id='line_1_8' title="bbox 325 598 2000 650; baseline -0.006 -7"><span class='ocrx_word' id='word_1_62' title='bbox 325 606 578 643; x_wconf 88' lang='lat' dir='ltr'>tionabilium</span> <span class='ocrx_word' id='word_1_63' title='bbox 603 604 819 650; x_wconf 87' lang='lat' dir='ltr'>participat</span> <span class='ocrx_word' id='word_1_64' title='bbox 843 604 939 645; x_wconf 89' lang='lat' dir='ltr'>vita,</span> <span class='ocrx_word' id='word_1_65' title='bbox 973 604 1014 639; x_wconf 90' lang='lat' dir='ltr'>et</span> <span class='ocrx_word' id='word_1_66' title='bbox 1038 601 1339 639; x_wconf 82' lang='lat' dir='ltr'>rationabilium</span> <span class='ocrx_word' id='word_1_67' title='bbox 1367 599 1536 645; x_wconf 91' lang='lat' dir='ltr'>suscipit</span> <span class='ocrx_word' id='word_1_68' title='bbox 1572 599 1833 641; x_wconf 88' lang='lat' dir='ltr'>intellectum,</span> <span class='ocrx_word' id='word_1_69' title='bbox 1872 600 1914 634; x_wconf 90' lang='lat' dir='ltr'>et</span> <span class='ocrx_word' id='word_1_70' title='bbox 1943 598 2000 635; x_wconf 86' lang='lat' dir='ltr'>ita</span> 
     </span>
     <span class='ocr_line' id='line_1_9' title="bbox 325 659 1623 710; baseline -0.006 -8"><span class='ocrx_word' id='word_1_71' title='bbox 325 667 495 702; x_wconf 88' lang='lat' dir='ltr'>vocatur</span> <span class='ocrx_word' id='word_1_72' title='bbox 519 674 614 710; x_wconf 91' lang='lat' dir='ltr'>pars</span> <span class='ocrx_word' id='word_1_73' title='bbox 641 663 803 700; x_wconf 91' lang='lat' dir='ltr'>animae</span> <span class='ocrx_word' id='word_1_74' title='bbox 830 662 1078 699; x_wconf 90' lang='lat' dir='ltr'>irrationalis</span> <span class='ocrx_word' id='word_1_75' title='bbox 1105 660 1274 706; x_wconf 86' lang='lat' dir='ltr'>passiva</span> <span class='ocrx_word' id='word_1_76' title='bbox 1300 661 1341 696; x_wconf 90' lang='lat' dir='ltr'>et</span> <span class='ocrx_word' id='word_1_77' title='bbox 1365 659 1623 705; x_wconf 86' lang='lat' dir='ltr'>appetitiva“.</span> 
     </span>
    </p>

    <p class='ocr_par' dir='ltr' id='par_1_4' title="bbox 328 716 2054 938">
     <span class='ocr_line' id='line_1_10' title="bbox 465 716 2001 764; baseline -0.005 -4"><span class='ocrx_word' id='word_1_78' title='bbox 465 724 566 760; x_wconf 87' lang='lat' dir='ltr'>Item</span> <span class='ocrx_word' id='word_1_79' title='bbox 598 723 691 760; x_wconf 97' lang='grc'>111110</span> <span class='ocrx_word' id='word_1_80' title='bbox 723 722 886 759; x_wconf 89' lang='lat' dir='ltr'>videtur</span> <span class='ocrx_word' id='word_1_81' title='bbox 918 721 1172 758; x_wconf 87' lang='lat' dir='ltr'>concordare</span> <span class='ocrx_word' id='word_1_82' title='bbox 1199 719 1272 755; x_wconf 88' lang='lat' dir='ltr'>XV</span> <span class='ocrx_word' id='word_1_83' title='bbox 1297 728 1384 764; x_wconf 87' lang='lat' dir='ltr'>cap.</span> <span class='ocrx_word' id='word_1_84' title='bbox 1411 718 1524 754; x_wconf 77' lang='lat' dir='ltr'>VII4:</span> <span class='ocrx_word' id='word_1_85' title='bbox 1562 717 1818 762; x_wconf 84' lang='lat' dir='ltr'>„Detractum</span> <span class='ocrx_word' id='word_1_86' title='bbox 1856 716 2001 753; x_wconf 90' lang='lat' dir='ltr'>dicitur</span> 
     </span>
     <span class='ocr_line' id='line_1_11' title="bbox 328 776 2054 829; baseline -0.005 -9"><span class='ocrx_word' id='word_1_87' title='bbox 328 793 512 829; x_wconf 91' lang='lat' dir='ltr'>corpore,</span> <span class='ocrx_word' id='word_1_88' title='bbox 552 783 586 819; x_wconf 93' lang='lat' dir='ltr'>si</span> <span class='ocrx_word' id='word_1_89' title='bbox 612 782 702 819; x_wconf 90' lang='lat' dir='ltr'>sola</span> <span class='ocrx_word' id='word_1_90' title='bbox 727 782 865 818; x_wconf 91' lang='lat' dir='ltr'>anima</span> <span class='ocrx_word' id='word_1_91' title='bbox 892 780 1094 826; x_wconf 84' lang='lat' dir='ltr'>cogitetur</span> <span class='ocrx_word' id='word_1_92' title='bbox 1119 778 1269 824; x_wconf 91' lang='lat' dir='ltr'>aliquid</span> <span class='ocrx_word' id='word_1_93' title='bbox 1297 778 1397 820; x_wconf 88' lang='lat' dir='ltr'>eius,</span> <span class='ocrx_word' id='word_1_94' title='bbox 1436 787 1526 813; x_wconf 91' lang='lat' dir='ltr'>cum</span> <span class='ocrx_word' id='word_1_95' title='bbox 1561 786 1678 813; x_wconf 89' lang='lat' dir='ltr'>mens</span> <span class='ocrx_word' id='word_1_96' title='bbox 1706 777 1770 812; x_wconf 92' lang='lat' dir='ltr'>est</span> <span class='ocrx_word' id='word_1_97' title='bbox 1793 776 2001 821; x_wconf 81' lang='lat' dir='ltr'>tamquam</span> <span class='ocrx_word' id='word_1_98' title='bbox 2021 782 2054 809; x_wconf 88' lang='lat'>10</span> 
     </span>
     <span class='ocr_line' id='line_1_12' title="bbox 328 834 2002 888; baseline -0.005 -9"><span class='ocrx_word' id='word_1_99' title='bbox 328 843 450 888; x_wconf 87' lang='lat' dir='ltr'>caput</span> <span class='ocrx_word' id='word_1_100' title='bbox 475 842 564 879; x_wconf 89' lang='lat' dir='ltr'>eius</span> <span class='ocrx_word' id='word_1_101' title='bbox 591 842 659 878; x_wconf 91' lang='lat' dir='ltr'>vel</span> <span class='ocrx_word' id='word_1_102' title='bbox 686 841 828 877; x_wconf 91' lang='lat' dir='ltr'>oculus</span> <span class='ocrx_word' id='word_1_103' title='bbox 855 840 923 876; x_wconf 91' lang='lat' dir='ltr'>vel</span> <span class='ocrx_word' id='word_1_104' title='bbox 948 839 1091 876; x_wconf 81' lang='lat' dir='ltr'>facies.</span> <span class='ocrx_word' id='word_1_105' title='bbox 1140 838 1229 874; x_wconf 91' lang='lat' dir='ltr'>Non</span> <span class='ocrx_word' id='word_1_106' title='bbox 1255 837 1375 883; x_wconf 88' lang='lat' dir='ltr'>igitur</span> <span class='ocrx_word' id='word_1_107' title='bbox 1400 836 1546 878; x_wconf 89' lang='lat' dir='ltr'>anima,</span> <span class='ocrx_word' id='word_1_108' title='bbox 1586 836 1660 872; x_wconf 93' lang='lat' dir='ltr'>sed</span> <span class='ocrx_word' id='word_1_109' title='bbox 1696 836 1805 881; x_wconf 90' lang='lat' dir='ltr'>quod</span> <span class='ocrx_word' id='word_1_110' title='bbox 1838 834 2002 871; x_wconf 88' lang='lat' dir='ltr'>excellit</span> 
     </span>
     <span class='ocr_line' id='line_1_13' title="bbox 328 900 906 938; baseline -0.005 0"><span class='ocrx_word' id='word_1_111' title='bbox 328 902 369 938; x_wconf 89' lang='lat' dir='ltr'>in</span> <span class='ocrx_word' id='word_1_112' title='bbox 395 901 531 938; x_wconf 87' lang='lat' dir='ltr'>anima</span> <span class='ocrx_word' id='word_1_113' title='bbox 556 910 674 937; x_wconf 90' lang='lat' dir='ltr'>mens</span> <span class='ocrx_word' id='word_1_114' title='bbox 700 900 906 936; x_wconf 85' lang='lat' dir='ltr'>vocatur“.</span> 
     </span>
    </p>

    <p class='ocr_par' dir='ltr' id='par_1_5' title="bbox 328 953 2055 1300">
     <span class='ocr_line' id='line_1_14' title="bbox 466 953 2001 1001; baseline -0.005 -4"><span class='ocrx_word' id='word_1_115' title='bbox 466 960 565 996; x_wconf 89' lang='lat' dir='ltr'>Item</span> <span class='ocrx_word' id='word_1_116' title='bbox 592 960 643 996; x_wconf 91' lang='lat' dir='ltr'>ad</span> <span class='ocrx_word' id='word_1_117' title='bbox 669 960 748 996; x_wconf 92' lang='lat' dir='ltr'>hoc</span> <span class='ocrx_word' id='word_1_118' title='bbox 775 960 839 995; x_wconf 86' lang='lat' dir='ltr'>est</span> <span class='ocrx_word' id='word_1_119' title='bbox 865 959 1004 994; x_wconf 85' lang='lat' dir='ltr'>textus</span> <span class='ocrx_word' id='word_1_120' title='bbox 1029 956 1187 993; x_wconf 90' lang='lat' dir='ltr'>Exodi</span> <span class='ocrx_word' id='word_1_121' title='bbox 1212 955 1301 992; x_wconf 92' lang='lat' dir='ltr'>XXI</span> <span class='ocrx_word' id='word_1_122' title='bbox 1321 954 1397 1001; x_wconf 82' lang='lat'><em>(22)</em></span> <span class='ocrx_word' id='word_1_123' title='bbox 1418 955 1645 991; x_wconf 90' lang='lat' dir='ltr'>secundum</span> <span class='ocrx_word' id='word_1_124' title='bbox 1667 953 1787 990; x_wconf 91' lang='lat' dir='ltr'>aliam</span> <span class='ocrx_word' id='word_1_125' title='bbox 1806 953 2001 990; x_wconf 84' lang='lat' dir='ltr'>litteram:</span> 
     </span>
     <span class='ocr_line' id='line_1_15' title="bbox 331 1012 2003 1065; baseline -0.005 -9"><span class='ocrx_word' id='word_1_126' title='bbox 331 1020 470 1065; x_wconf 85' lang='lat' dir='ltr'>„Quod</span> <span class='ocrx_word' id='word_1_127' title='bbox 498 1019 532 1056; x_wconf 92' lang='lat' dir='ltr'>si</span> <span class='ocrx_word' id='word_1_128' title='bbox 558 1019 648 1064; x_wconf 87' lang='lat' dir='ltr'>quis</span> <span class='ocrx_word' id='word_1_129' title='bbox 674 1018 929 1064; x_wconf 88' lang='lat' dir='ltr'>percusserit</span> <span class='ocrx_word' id='word_1_130' title='bbox 954 1016 1167 1053; x_wconf 88' lang='lat' dir='ltr'>mulierem</span> <span class='ocrx_word' id='word_1_131' title='bbox 1186 1014 1495 1061; x_wconf 85' lang='lat' dir='ltr'>praegnantem,</span> <span class='ocrx_word' id='word_1_132' title='bbox 1523 1014 1563 1049; x_wconf 89' lang='lat' dir='ltr'>et</span> <span class='ocrx_word' id='word_1_133' title='bbox 1583 1013 1731 1049; x_wconf 84' lang='lat' dir='ltr'>exierit</span> <span class='ocrx_word' id='word_1_134' title='bbox 1748 1012 1882 1049; x_wconf 75' lang='lat' dir='ltr'>infans</span> <span class='ocrx_word' id='word_1_135' title='bbox 1903 1022 2003 1048; x_wconf 92' lang='lat' dir='ltr'>non-</span> 
     </span>
     <span class='ocr_line' id='line_1_16' title="bbox 330 1071 2055 1121; baseline -0.005 -5"><span class='ocrx_word' id='word_1_136' title='bbox 330 1080 424 1116; x_wconf 91' lang='lat' dir='ltr'>dum</span> <span class='ocrx_word' id='word_1_137' title='bbox 450 1078 659 1120; x_wconf 76' lang='lat' dir='ltr'>formatus,</span> <span class='ocrx_word' id='word_1_138' title='bbox 697 1077 987 1114; x_wconf 89' lang='lat' dir='ltr'>detrimentum</span> <span class='ocrx_word' id='word_1_139' title='bbox 1018 1075 1205 1121; x_wconf 87' lang='lat' dir='ltr'>patietur,</span> <span class='ocrx_word' id='word_1_140' title='bbox 1244 1074 1439 1119; x_wconf 92' lang='lat' dir='ltr'>quantum</span> <span class='ocrx_word' id='word_1_141' title='bbox 1475 1072 1670 1109; x_wconf 88' lang='lat' dir='ltr'>indixerit</span> <span class='ocrx_word' id='word_1_142' title='bbox 1705 1072 1767 1108; x_wconf 90' lang='lat' dir='ltr'>vir</span> <span class='ocrx_word' id='word_1_143' title='bbox 1803 1071 1983 1108; x_wconf 89' lang='lat' dir='ltr'>mulieris</span> <span class='ocrx_word' id='word_1_144' title='bbox 1992 1079 2001 1115; x_wconf 87' lang='lat'>;</span> <span class='ocrx_word' id='word_1_145' title='bbox 2023 1083 2055 1108; x_wconf 89' lang='lat'>15</span> 
     </span>
     <span class='ocr_line' id='line_1_17' title="bbox 329 1130 2003 1184; baseline -0.005 -9"><span class='ocrx_word' id='word_1_146' title='bbox 329 1139 437 1184; x_wconf 90' lang='lat' dir='ltr'>quod</span> <span class='ocrx_word' id='word_1_147' title='bbox 465 1138 500 1175; x_wconf 90' lang='lat' dir='ltr'>si</span> <span class='ocrx_word' id='word_1_148' title='bbox 523 1137 722 1174; x_wconf 79' lang='lat' dir='ltr'>formatus</span> <span class='ocrx_word' id='word_1_149' title='bbox 748 1136 880 1178; x_wconf 79' lang='lat' dir='ltr'>fuerit,</span> <span class='ocrx_word' id='word_1_150' title='bbox 907 1135 1019 1171; x_wconf 90' lang='lat' dir='ltr'>dabit</span> <span class='ocrx_word' id='word_1_151' title='bbox 1044 1133 1221 1170; x_wconf 90' lang='lat' dir='ltr'>animam</span> <span class='ocrx_word' id='word_1_152' title='bbox 1246 1142 1319 1178; x_wconf 91' lang='lat' dir='ltr'>pro</span> <span class='ocrx_word' id='word_1_153' title='bbox 1346 1132 1514 1169; x_wconf 90' lang='lat' dir='ltr'>anima.“</span> <span class='ocrx_word' id='word_1_154' title='bbox 1553 1131 1658 1177; x_wconf 88' lang='lat' dir='ltr'>Ergo</span> <span class='ocrx_word' id='word_1_155' title='bbox 1678 1141 1762 1167; x_wconf 91' lang='lat' dir='ltr'>non</span> <span class='ocrx_word' id='word_1_156' title='bbox 1782 1130 2003 1167; x_wconf 73' lang='lat' dir='ltr'>infunditur</span> 
     </span>
     <span class='ocr_line' id='line_1_18' title="bbox 328 1190 2003 1239; baseline -0.005 -5"><span class='ocrx_word' id='word_1_157' title='bbox 328 1198 464 1234; x_wconf 87' lang='lat' dir='ltr'>anima</span> <span class='ocrx_word' id='word_1_158' title='bbox 482 1196 705 1233; x_wconf 89' lang='lat' dir='ltr'>rationalis.</span> <span class='ocrx_word' id='word_1_159' title='bbox 740 1194 787 1230; x_wconf 91' lang='lat' dir='ltr'>Et</span> <span class='ocrx_word' id='word_1_160' title='bbox 806 1196 945 1231; x_wconf 84' lang='lat' dir='ltr'>tamen</span> <span class='ocrx_word' id='word_1_161' title='bbox 965 1193 1075 1239; x_wconf 91' lang='lat' dir='ltr'>prius</span> <span class='ocrx_word' id='word_1_162' title='bbox 1102 1192 1175 1228; x_wconf 77' lang='lat' dir='ltr'>fuit</span> <span class='ocrx_word' id='word_1_163' title='bbox 1200 1191 1283 1228; x_wconf 88' lang='lat' dir='ltr'>vita</span> <span class='ocrx_word' id='word_1_164' title='bbox 1309 1191 1508 1228; x_wconf 84' lang='lat' dir='ltr'>sensitiva</span> <span class='ocrx_word' id='word_1_165' title='bbox 1533 1192 1574 1227; x_wconf 89' lang='lat' dir='ltr'>et</span> <span class='ocrx_word' id='word_1_166' title='bbox 1598 1190 1834 1236; x_wconf 89' lang='lat' dir='ltr'>vegetativa</span> <span class='ocrx_word' id='word_1_167' title='bbox 1860 1199 2003 1226; x_wconf 85' lang='lat' dir='ltr'>secun-</span> 
     </span>
     <span class='ocr_line' id='line_1_19' title="bbox 330 1248 2002 1300; baseline -0.005 -7"><span class='ocrx_word' id='word_1_168' title='bbox 330 1258 423 1293; x_wconf 92' lang='lat' dir='ltr'>dum</span> <span class='ocrx_word' id='word_1_169' title='bbox 438 1256 823 1300; x_wconf 63' lang='lat' dir='ltr'>Philosophumb.</span> <span class='ocrx_word' id='word_1_170' title='bbox 845 1253 887 1290; x_wconf 89' lang='lat' dir='ltr'>Si</span> <span class='ocrx_word' id='word_1_171' title='bbox 908 1253 1016 1289; x_wconf 91' lang='lat' dir='ltr'>enim</span> <span class='ocrx_word' id='word_1_172' title='bbox 1038 1253 1152 1288; x_wconf 89' lang='lat' dir='ltr'>esset</span> <span class='ocrx_word' id='word_1_173' title='bbox 1172 1260 1243 1287; x_wconf 90' lang='lat' dir='ltr'>cor</span> <span class='ocrx_word' id='word_1_174' title='bbox 1263 1251 1352 1287; x_wconf 92' lang='lat' dir='ltr'>sine</span> <span class='ocrx_word' id='word_1_175' title='bbox 1374 1250 1520 1292; x_wconf 90' lang='lat' dir='ltr'>anima,</span> <span class='ocrx_word' id='word_1_176' title='bbox 1542 1251 1656 1286; x_wconf 88' lang='lat' dir='ltr'>esset</span> <span class='ocrx_word' id='word_1_177' title='bbox 1674 1259 1744 1286; x_wconf 93' lang='lat' dir='ltr'>cor</span> <span class='ocrx_word' id='word_1_178' title='bbox 1763 1248 2002 1294; x_wconf 89' lang='lat' dir='ltr'>aequivoce.</span> 
     </span>
    </p>

    <p class='ocr_par' dir='ltr' id='par_1_6' title="bbox 332 1308 2055 1416">
     <span class='ocr_line' id='line_1_20' title="bbox 470 1308 2003 1360; baseline -0.006 -8"><span class='ocrx_word' id='word_1_179' title='bbox 470 1315 618 1352; x_wconf 89' lang='lat' dir='ltr'>Dicunt</span> <span class='ocrx_word' id='word_1_180' title='bbox 643 1314 763 1360; x_wconf 86' lang='lat' dir='ltr'>igitur</span> <span class='ocrx_word' id='word_1_181' title='bbox 789 1313 954 1358; x_wconf 89' lang='lat' dir='ltr'>quidam</span> <span class='ocrx_word' id='word_1_182' title='bbox 980 1312 1043 1348; x_wconf 91' lang='lat' dir='ltr'>his</span> <span class='ocrx_word' id='word_1_183' title='bbox 1070 1311 1293 1347; x_wconf 89' lang='lat' dir='ltr'>innitentes</span> <span class='ocrx_word' id='word_1_184' title='bbox 1321 1310 1429 1355; x_wconf 93' lang='lat' dir='ltr'>quod</span> <span class='ocrx_word' id='word_1_185' title='bbox 1461 1309 1598 1346; x_wconf 88' lang='lat' dir='ltr'>anima</span> <span class='ocrx_word' id='word_1_186' title='bbox 1635 1309 1835 1345; x_wconf 90' lang='lat' dir='ltr'>sensitiva</span> <span class='ocrx_word' id='word_1_187' title='bbox 1870 1309 1911 1344; x_wconf 90' lang='lat' dir='ltr'>et</span> <span class='ocrx_word' id='word_1_188' title='bbox 1946 1308 2003 1344; x_wconf 91' lang='lat' dir='ltr'>in-</span> 
     </span>
     <span class='ocr_line' id='line_1_21' title="bbox 332 1368 2055 1416; baseline -0.005 -5"><span class='ocrx_word' id='word_1_189' title='bbox 332 1375 538 1411; x_wconf 80' lang='lat' dir='ltr'>tellectiva</span> <span class='ocrx_word' id='word_1_190' title='bbox 564 1375 659 1410; x_wconf 91' lang='lat' dir='ltr'>sunt</span> <span class='ocrx_word' id='word_1_191' title='bbox 682 1383 766 1409; x_wconf 93' lang='lat' dir='ltr'>una</span> <span class='ocrx_word' id='word_1_192' title='bbox 791 1372 928 1409; x_wconf 88' lang='lat' dir='ltr'>anima</span> <span class='ocrx_word' id='word_1_193' title='bbox 954 1370 1182 1416; x_wconf 90' lang='lat' dir='ltr'>composita</span> <span class='ocrx_word' id='word_1_194' title='bbox 1209 1379 1262 1406; x_wconf 87' lang='lat' dir='ltr'>ex</span> <span class='ocrx_word' id='word_1_195' title='bbox 1288 1370 1445 1406; x_wconf 91' lang='lat' dir='ltr'>duabus</span> <span class='ocrx_word' id='word_1_196' title='bbox 1475 1368 1723 1404; x_wconf 90' lang='lat' dir='ltr'>substantiis.</span> <span class='ocrx_word' id='word_1_197' title='bbox 2021 1377 2055 1403; x_wconf 80' lang='lat'>20</span> 
     </span>
    </p>

    <p class='ocr_par' dir='ltr' id='par_1_7' title="bbox 329 1426 2056 1833">
     <span class='ocr_line' id='line_1_22' title="bbox 468 1426 2004 1473; baseline -0.005 -3"><span class='ocrx_word' id='word_1_198' title='bbox 468 1434 551 1470; x_wconf 89' lang='lat' dir='ltr'>Nec</span> <span class='ocrx_word' id='word_1_199' title='bbox 578 1433 714 1469; x_wconf 84' lang='lat' dir='ltr'>obstat</span> <span class='ocrx_word' id='word_1_200' title='bbox 739 1433 911 1468; x_wconf 91' lang='lat' dir='ltr'>verbum</span> <span class='ocrx_word' id='word_1_201' title='bbox 946 1430 1124 1467; x_wconf 88' lang='lat' dir='ltr'>auctoris</span> <span class='ocrx_word' id='word_1_202' title='bbox 1162 1430 1213 1466; x_wconf 92' lang='lat' dir='ltr'>de</span> <span class='ocrx_word' id='word_1_203' title='bbox 1249 1429 1414 1473; x_wconf 65' lang='lat' dir='ltr'>Spiritu</span> <span class='ocrx_word' id='word_1_204' title='bbox 1440 1430 1476 1464; x_wconf 80' lang='lat' dir='ltr'>et</span> <span class='ocrx_word' id='word_1_205' title='bbox 1501 1428 1684 1464; x_wconf 73' lang='lat' dir='ltr'>Animass</span> <span class='ocrx_word' id='word_1_206' title='bbox 1721 1427 1830 1473; x_wconf 88' lang='lat' dir='ltr'>quod</span> <span class='ocrx_word' id='word_1_207' title='bbox 1868 1426 2004 1462; x_wconf 89' lang='lat' dir='ltr'>anima</span> 
     </span>
     <span class='ocr_line' id='line_1_23' title="bbox 332 1485 2004 1538; baseline -0.005 -9"><span class='ocrx_word' id='word_1_208' title='bbox 332 1494 525 1538; x_wconf 89' lang='lat' dir='ltr'>separata</span> <span class='ocrx_word' id='word_1_209' title='bbox 552 1501 693 1528; x_wconf 88' lang='lat' dir='ltr'>secum</span> <span class='ocrx_word' id='word_1_210' title='bbox 718 1492 852 1527; x_wconf 89' lang='lat' dir='ltr'>trahat</span> <span class='ocrx_word' id='word_1_211' title='bbox 885 1490 1022 1526; x_wconf 92' lang='lat' dir='ltr'>omnia</span> <span class='ocrx_word' id='word_1_212' title='bbox 1047 1492 1240 1531; x_wconf 85' lang='lat' dir='ltr'>&lt;sensum</span> <span class='ocrx_word' id='word_1_213' title='bbox 1267 1487 1456 1529; x_wconf 89' lang='lat' dir='ltr'>scilicet&gt;‚</span> <span class='ocrx_word' id='word_1_214' title='bbox 1491 1486 1826 1533; x_wconf 83' lang='lat' dir='ltr'>imaginationem</span> <span class='ocrx_word' id='word_1_215' title='bbox 1861 1485 2004 1528; x_wconf 87' lang='lat' dir='ltr'>&lt;ratio-</span> 
     </span>
     <span class='ocr_line' id='line_1_24' title="bbox 330 1545 2003 1594; baseline -0.005 -6"><span class='ocrx_word' id='word_1_216' title='bbox 330 1562 435 1594; x_wconf 79' lang='lat' dir='ltr'>nem,</span> <span class='ocrx_word' id='word_1_217' title='bbox 471 1551 732 1592; x_wconf 89' lang='lat' dir='ltr'>intellectum,</span> <span class='ocrx_word' id='word_1_218' title='bbox 768 1548 1090 1594; x_wconf 85' lang='lat' dir='ltr'>intelligentiam,</span> <span class='ocrx_word' id='word_1_219' title='bbox 1138 1546 1571 1592; x_wconf 89' lang='lat' dir='ltr'>concupiscibilitatem</span> <span class='ocrx_word' id='word_1_220' title='bbox 1607 1547 1648 1582; x_wconf 88' lang='lat' dir='ltr'>et</span> <span class='ocrx_word' id='word_1_221' title='bbox 1672 1545 2003 1585; x_wconf 85' lang='lat' dir='ltr'>irascibilitatem,</span> 
     </span>
     <span class='ocr_line' id='line_1_25' title="bbox 333 1604 2004 1656; baseline -0.005 -8"><span class='ocrx_word' id='word_1_222' title='bbox 333 1614 409 1653; x_wconf 82' lang='lat' dir='ltr'>ex&gt;</span> <span class='ocrx_word' id='word_1_223' title='bbox 449 1610 594 1656; x_wconf 89' lang='lat' dir='ltr'>quibus</span> <span class='ocrx_word' id='word_1_224' title='bbox 634 1610 860 1646; x_wconf 88' lang='lat' dir='ltr'>secundum</span> <span class='ocrx_word' id='word_1_225' title='bbox 899 1608 1046 1644; x_wconf 77' lang='lat' dir='ltr'>merita</span> <span class='ocrx_word' id='word_1_226' title='bbox 1082 1606 1256 1643; x_wconf 82' lang='lat' dir='ltr'>afficitur</span> <span class='ocrx_word' id='word_1_227' title='bbox 1293 1606 1345 1642; x_wconf 91' lang='lat' dir='ltr'>ad</span> <span class='ocrx_word' id='word_1_228' title='bbox 1371 1605 1688 1641; x_wconf 88' lang='lat' dir='ltr'>delectationem</span> <span class='ocrx_word' id='word_1_229' title='bbox 1714 1605 1783 1641; x_wconf 90' lang='lat' dir='ltr'>aut</span> <span class='ocrx_word' id='word_1_230' title='bbox 1808 1604 1909 1646; x_wconf 92' lang='lat' dir='ltr'>&lt;ad&gt;</span> <span class='ocrx_word' id='word_1_231' title='bbox 1936 1604 2004 1640; x_wconf 93' lang='lat' dir='ltr'>do-</span> 
     </span>
     <span class='ocr_line' id='line_1_26' title="bbox 329 1662 2056 1710; baseline -0.005 -4"><span class='ocrx_word' id='word_1_232' title='bbox 329 1671 469 1706; x_wconf 90' lang='lat' dir='ltr'>lorem.</span> <span class='ocrx_word' id='word_1_233' title='bbox 510 1669 613 1710; x_wconf 91' lang='lat' dir='ltr'>Quia</span> <span class='ocrx_word' id='word_1_234' title='bbox 640 1668 865 1705; x_wconf 90' lang='lat' dir='ltr'>secundum</span> <span class='ocrx_word' id='word_1_235' title='bbox 890 1668 970 1703; x_wconf 92' lang='lat' dir='ltr'>hoc</span> <span class='ocrx_word' id='word_1_236' title='bbox 993 1666 1179 1703; x_wconf 81' lang='lat' dir='ltr'>diabolus</span> <span class='ocrx_word' id='word_1_237' title='bbox 1200 1664 1284 1710; x_wconf 86' lang='lat' dir='ltr'>pati</span> <span class='ocrx_word' id='word_1_238' title='bbox 1304 1674 1387 1700; x_wconf 91' lang='lat' dir='ltr'>non</span> <span class='ocrx_word' id='word_1_239' title='bbox 1407 1665 1560 1709; x_wconf 86' lang='lat' dir='ltr'>posset,</span> <span class='ocrx_word' id='word_1_240' title='bbox 1589 1664 1683 1709; x_wconf 90' lang='lat' dir='ltr'>quia</span> <span class='ocrx_word' id='word_1_241' title='bbox 1702 1664 1776 1699; x_wconf 91' lang='lat' dir='ltr'>has</span> <span class='ocrx_word' id='word_1_242' title='bbox 1797 1662 2002 1708; x_wconf 85' lang='lat' dir='ltr'>potentias</span> <span class='ocrx_word' id='word_1_243' title='bbox 2023 1672 2056 1697; x_wconf 79' lang='lat'>25</span> 
     </span>
     <span class='ocr_line' id='line_1_27' title="bbox 331 1722 2005 1772; baseline -0.005 -7"><span class='ocrx_word' id='word_1_244' title='bbox 331 1740 413 1765; x_wconf 91' lang='lat' dir='ltr'>non</span> <span class='ocrx_word' id='word_1_245' title='bbox 439 1730 574 1765; x_wconf 87' lang='lat' dir='ltr'>habet.</span> <span class='ocrx_word' id='word_1_246' title='bbox 625 1728 778 1764; x_wconf 87' lang='lat' dir='ltr'>Dicitur</span> <span class='ocrx_word' id='word_1_247' title='bbox 805 1736 904 1772; x_wconf 89' lang='lat' dir='ltr'>ergo</span> <span class='ocrx_word' id='word_1_248' title='bbox 933 1735 1073 1762; x_wconf 90' lang='lat' dir='ltr'>secum</span> <span class='ocrx_word' id='word_1_249' title='bbox 1099 1725 1262 1761; x_wconf 90' lang='lat' dir='ltr'>trahere</span> <span class='ocrx_word' id='word_1_250' title='bbox 1290 1724 1437 1765; x_wconf 90' lang='lat' dir='ltr'>omnia,</span> <span class='ocrx_word' id='word_1_251' title='bbox 1464 1723 1505 1759; x_wconf 91' lang='lat' dir='ltr'>in</span> <span class='ocrx_word' id='word_1_252' title='bbox 1532 1724 1726 1768; x_wconf 92' lang='lat' dir='ltr'>quantum</span> <span class='ocrx_word' id='word_1_253' title='bbox 1752 1722 1874 1758; x_wconf 89' lang='lat' dir='ltr'>trahit</span> <span class='ocrx_word' id='word_1_254' title='bbox 1898 1731 2005 1758; x_wconf 90' lang='lat' dir='ltr'>com-</span> 
     </span>
     <span class='ocr_line' id='line_1_28' title="bbox 330 1786 798 1833; baseline -0.004 -9"><span class='ocrx_word' id='word_1_255' title='bbox 330 1789 581 1833; x_wconf 91' lang='lat' dir='ltr'>plementum</span> <span class='ocrx_word' id='word_1_256' title='bbox 607 1786 798 1823; x_wconf 92' lang='lat' dir='ltr'>omnium.</span> 
     </span>
    </p>

    <p class='ocr_par' dir='ltr' id='par_1_8' title="bbox 332 1839 2006 1950">
     <span class='ocr_line' id='line_1_29' title="bbox 471 1839 2004 1887; baseline -0.005 -4"><span class='ocrx_word' id='word_1_257' title='bbox 471 1847 555 1883; x_wconf 88' lang='lat' dir='ltr'>Nec</span> <span class='ocrx_word' id='word_1_258' title='bbox 582 1846 719 1882; x_wconf 90' lang='lat' dir='ltr'>obstat</span> <span class='ocrx_word' id='word_1_259' title='bbox 744 1846 915 1881; x_wconf 89' lang='lat' dir='ltr'>verbum</span> <span class='ocrx_word' id='word_1_260' title='bbox 943 1843 1204 1884; x_wconf 90' lang='lat' dir='ltr'>Gennadii,</span> <span class='ocrx_word' id='word_1_261' title='bbox 1237 1842 1332 1887; x_wconf 85' lang='lat' dir='ltr'>quia</span> <span class='ocrx_word' id='word_1_262' title='bbox 1357 1842 1446 1887; x_wconf 92' lang='lat' dir='ltr'>ipse</span> <span class='ocrx_word' id='word_1_263' title='bbox 1472 1841 1639 1877; x_wconf 90' lang='lat' dir='ltr'>nomine</span> <span class='ocrx_word' id='word_1_264' title='bbox 1666 1841 1827 1876; x_wconf 91' lang='lat' dir='ltr'>animae</span> <span class='ocrx_word' id='word_1_265' title='bbox 1866 1839 2004 1876; x_wconf 90' lang='lat' dir='ltr'>stricte</span> 
     </span>
     <span class='ocr_line' id='line_1_30' title="bbox 332 1898 2006 1950; baseline -0.005 -8"><span class='ocrx_word' id='word_1_266' title='bbox 332 1906 464 1942; x_wconf 87' lang='lat' dir='ltr'>utitur.</span> <span class='ocrx_word' id='word_1_267' title='bbox 515 1905 621 1941; x_wconf 88' lang='lat' dir='ltr'>Dicit</span> <span class='ocrx_word' id='word_1_268' title='bbox 648 1905 756 1941; x_wconf 90' lang='lat' dir='ltr'>enim</span> <span class='ocrx_word' id='word_1_269' title='bbox 783 1914 870 1950; x_wconf 91' lang='lat' dir='ltr'>cap.</span> <span class='ocrx_word' id='word_1_270' title='bbox 898 1904 989 1940; x_wconf 84' lang='lat'>18⁷:</span> <span class='ocrx_word' id='word_1_271' title='bbox 1029 1902 1218 1946; x_wconf 86' lang='lat' dir='ltr'>„Duabus</span> <span class='ocrx_word' id='word_1_272' title='bbox 1246 1900 1483 1937; x_wconf 87' lang='lat' dir='ltr'>substantiis</span> <span class='ocrx_word' id='word_1_273' title='bbox 1511 1901 1673 1936; x_wconf 88' lang='lat' dir='ltr'>constat</span> <span class='ocrx_word' id='word_1_274' title='bbox 1703 1900 1838 1941; x_wconf 89' lang='lat' dir='ltr'>homo,</span> <span class='ocrx_word' id='word_1_275' title='bbox 1869 1898 2006 1935; x_wconf 88' lang='lat' dir='ltr'>anima</span> 
     </span>
    </p>
   </div>
   <div class='ocr_carea' id='block_1_3' title="bbox 472 2021 1931 2065">
    <p class='ocr_par' dir='ltr' id='par_1_9' title="bbox 472 2021 1931 2065">
     <span class='ocr_line' id='line_1_31' title="bbox 472 2021 1931 2065; baseline -0.005 -4"><span class='ocrx_word' id='word_1_276' title='bbox 472 2029 561 2061; x_wconf 84' lang='lat'>6—7</span> <span class='ocrx_word' id='word_1_277' title='bbox 587 2025 900 2065; x_wconf 84' lang='lat' dir='ltr'>irrationabilium]</span> <span class='ocrx_word' id='word_1_278' title='bbox 926 2024 1208 2058; x_wconf 80' lang='lat' dir='ltr'>irrationabilius</span> <span class='ocrx_word' id='word_1_279' title='bbox 1305 2023 1348 2055; x_wconf 83' lang='lat'>24</span> <span class='ocrx_word' id='word_1_280' title='bbox 1375 2021 1665 2061; x_wconf 87' lang='lat' dir='ltr'>delectationem]</span> <span class='ocrx_word' id='word_1_281' title='bbox 1692 2022 1931 2055; x_wconf 87' lang='lat' dir='ltr'>dedictionem</span> 
     </span>
    </p>
   </div>
   <div class='ocr_carea' id='block_1_4' title="bbox 331 2159 2009 3053">
    <p class='ocr_par' dir='ltr' id='par_1_10' title="bbox 474 2159 1769 2203">
     <span class='ocr_line' id='line_1_32' title="bbox 474 2159 1769 2203; baseline -0.005 -5"><span class='ocrx_word' id='word_1_282' title='bbox 474 2165 486 2187; x_wconf 83' lang='lat'>1</span> <span class='ocrx_word' id='word_1_283' title='bbox 512 2166 564 2198; x_wconf 87' lang='lat' dir='ltr'>De</span> <span class='ocrx_word' id='word_1_284' title='bbox 588 2165 712 2198; x_wconf 81' lang='lat' dir='ltr'>Am&#39;m.</span> <span class='ocrx_word' id='word_1_285' title='bbox 739 2164 792 2203; x_wconf 90' lang='grc' dir='ltr'>ΙΙΙ,</span> <span class='ocrx_word' id='word_1_286' title='bbox 821 2164 840 2196; x_wconf 87' lang='grc'>4</span> <span class='ocrx_word' id='word_1_287' title='bbox 867 2162 915 2203; x_wconf 89' lang='grc'>(1,</span> <span class='ocrx_word' id='word_1_288' title='bbox 941 2164 1030 2195; x_wconf 82' lang='lat' dir='ltr'>text.</span> <span class='ocrx_word' id='word_1_289' title='bbox 1058 2163 1077 2194; x_wconf 92' lang='grc'>4</span> <span class='ocrx_word' id='word_1_290' title='bbox 1105 2163 1141 2194; x_wconf 86' lang='lat' dir='ltr'>et</span> <span class='ocrx_word' id='word_1_291' title='bbox 1168 2161 1221 2200; x_wconf 86' lang='lat'>5);</span> <span class='ocrx_word' id='word_1_292' title='bbox 1247 2160 1586 2199; x_wconf 75' lang='lat' dir='ltr'>Montefortino,</span> <span class='ocrx_word' id='word_1_293' title='bbox 1611 2159 1665 2198; x_wconf 92' lang='grc' dir='ltr'>ΙΙΙ,</span> <span class='ocrx_word' id='word_1_294' title='bbox 1693 2159 1769 2192; x_wconf 88' lang='lat'>483.</span> 
     </span>
    </p>

    <p class='ocr_par' dir='ltr' id='par_1_11' title="bbox 331 2208 2008 2472">
     <span class='ocr_line' id='line_1_33' title="bbox 471 2208 2006 2258; baseline -0.007 -7"><span class='ocrx_word' id='word_1_295' title='bbox 471 2217 485 2240; x_wconf 82' lang='lat'>2</span> <span class='ocrx_word' id='word_1_296' title='bbox 510 2218 549 2258; x_wconf 90' lang='grc' dir='ltr'>ΙΙ,</span> <span class='ocrx_word' id='word_1_297' title='bbox 578 2218 619 2250; x_wconf 88' lang='grc'>12</span> <span class='ocrx_word' id='word_1_298' title='bbox 658 2216 728 2257; x_wconf 82' lang='lat' dir='ltr'>(De</span> <span class='ocrx_word' id='word_1_299' title='bbox 762 2217 852 2250; x_wconf 76' lang='lat' dir='ltr'>Fide</span> <span class='ocrx_word' id='word_1_300' title='bbox 889 2215 1118 2249; x_wconf 75' lang='lat' dir='ltr'>Orthodooea.</span> <span class='ocrx_word' id='word_1_301' title='bbox 1154 2214 1215 2247; x_wconf 84' lang='lat' dir='ltr'>PG</span> <span class='ocrx_word' id='word_1_302' title='bbox 1241 2214 1295 2254; x_wconf 82' lang='lat'>94,</span> <span class='ocrx_word' id='word_1_303' title='bbox 1322 2212 1416 2253; x_wconf 78' lang='lat'><strong>923).</strong></span> <span class='ocrx_word' id='word_1_304' title='bbox 1463 2209 1574 2255; x_wconf 61' lang='grc' dir='ltr'>Δ,,Ο’ἰ)χ</span> <span class='ocrx_word' id='word_1_305' title='bbox 1599 2212 1723 2256; x_wconf 79' lang='grc' dir='ltr'><em>ἕτερον</em></span> <span class='ocrx_word' id='word_1_306' title='bbox 1757 2210 1894 2253; x_wconf 81' lang='grc' dir='ltr'><strong><em>ἔχουσα</em></strong></span> <span class='ocrx_word' id='word_1_307' title='bbox 1921 2208 2006 2254; x_wconf 78' lang='grc' dir='ltr'><strong><em>παρ’</em></strong></span> 
     </span>
     <span class='ocr_line' id='line_1_34' title="bbox 334 2261 2008 2313; baseline -0.005 -10"><span class='ocrx_word' id='word_1_308' title='bbox 334 2270 473 2313; x_wconf 75' lang='grc' dir='ltr'><strong><em>ἑαυτὴν</em></strong></span> <span class='ocrx_word' id='word_1_309' title='bbox 498 2269 560 2302; x_wconf 84' lang='grc' dir='ltr'>τὸν</span> <span class='ocrx_word' id='word_1_310' title='bbox 585 2272 687 2310; x_wconf 83' lang='grc' dir='ltr'><em>νοῦν,</em></span> <span class='ocrx_word' id='word_1_311' title='bbox 728 2267 833 2301; x_wconf 76' lang='grc' dir='ltr'><em>ἀλλὰ</em></span> <span class='ocrx_word' id='word_1_312' title='bbox 858 2269 970 2313; x_wconf 82' lang='grc' dir='ltr'><strong><em>μέρος</em></strong></span> <span class='ocrx_word' id='word_1_313' title='bbox 995 2268 1108 2310; x_wconf 79' lang='grc' dir='ltr'><strong><em>αὐτῆς</em></strong></span> <span class='ocrx_word' id='word_1_314' title='bbox 1145 2266 1183 2298; x_wconf 80' lang='grc' dir='ltr'>τὸ</span> <span class='ocrx_word' id='word_1_315' title='bbox 1221 2264 1496 2310; x_wconf 80' lang='grc' dir='ltr'><strong><em>καθαρώτατον·</em></strong></span> <span class='ocrx_word' id='word_1_316' title='bbox 1537 2264 1659 2309; x_wconf 82' lang='grc' dir='ltr'><em>ὥσπερ</em></span> <span class='ocrx_word' id='word_1_317' title='bbox 1696 2263 1766 2308; x_wconf 81' lang='grc' dir='ltr'>γὰρ</span> <span class='ocrx_word' id='word_1_318' title='bbox 1804 2261 2008 2307; x_wconf 74' lang='grc' dir='ltr'><strong><em>ὀφθαλμὸς</em></strong></span> 
     </span>
     <span class='ocr_line' id='line_1_35' title="bbox 331 2317 2007 2367; baseline -0.004 -11"><span class='ocrx_word' id='word_1_319' title='bbox 331 2325 373 2356; x_wconf 81' lang='grc' dir='ltr'>ἐν</span> <span class='ocrx_word' id='word_1_320' title='bbox 399 2323 553 2367; x_wconf 80' lang='grc' dir='ltr'>σώματι,</span> <span class='ocrx_word' id='word_1_321' title='bbox 580 2323 695 2363; x_wconf 83' lang='grc' dir='ltr'><em>οὕτως</em></span> <span class='ocrx_word' id='word_1_322' title='bbox 720 2323 762 2354; x_wconf 79' lang='grc' dir='ltr'>ἐν</span> <span class='ocrx_word' id='word_1_323' title='bbox 790 2324 896 2365; x_wconf 81' lang='grc' dir='ltr'><strong><em>ψυχῇ</em></strong></span> <span class='ocrx_word' id='word_1_324' title='bbox 922 2320 1044 2361; x_wconf 78' lang='grc' dir='ltr'><em>νοῦς.“</em></span> <span class='ocrx_word' id='word_1_325' title='bbox 1095 2321 1195 2360; x_wconf 83' lang='lat' dir='ltr'>„Non</span> <span class='ocrx_word' id='word_1_326' title='bbox 1222 2320 1330 2353; x_wconf 87' lang='lat' dir='ltr'>aliam</span> <span class='ocrx_word' id='word_1_327' title='bbox 1355 2329 1378 2353; x_wconf 86' lang='lat' dir='ltr'>a</span> <span class='ocrx_word' id='word_1_328' title='bbox 1403 2328 1443 2352; x_wconf 90' lang='lat' dir='ltr'>se</span> <span class='ocrx_word' id='word_1_329' title='bbox 1469 2320 1669 2354; x_wconf 85' lang='lat' dir='ltr'>seiunctam</span> <span class='ocrx_word' id='word_1_330' title='bbox 1692 2319 1849 2351; x_wconf 89' lang='lat' dir='ltr'>mentem</span> <span class='ocrx_word' id='word_1_331' title='bbox 1869 2317 2007 2350; x_wconf 82' lang='lat' dir='ltr'>habens</span> 
     </span>
     <span class='ocr_line' id='line_1_36' title="bbox 331 2370 2007 2418; baseline -0.005 -8"><span class='ocrx_word' id='word_1_332' title='bbox 331 2377 448 2417; x_wconf 87' lang='lat' dir='ltr'>(mens</span> <span class='ocrx_word' id='word_1_333' title='bbox 477 2378 613 2418; x_wconf 88' lang='lat' dir='ltr'>quippe</span> <span class='ocrx_word' id='word_1_334' title='bbox 638 2377 725 2409; x_wconf 90' lang='lat' dir='ltr'>nihil</span> <span class='ocrx_word' id='word_1_335' title='bbox 752 2376 849 2409; x_wconf 88' lang='lat' dir='ltr'>aliud</span> <span class='ocrx_word' id='word_1_336' title='bbox 875 2376 931 2408; x_wconf 89' lang='lat' dir='ltr'>est</span> <span class='ocrx_word' id='word_1_337' title='bbox 959 2383 1066 2416; x_wconf 87' lang='lat' dir='ltr'>quam</span> <span class='ocrx_word' id='word_1_338' title='bbox 1093 2373 1329 2406; x_wconf 86' lang='lat' dir='ltr'>subtilissima</span> <span class='ocrx_word' id='word_1_339' title='bbox 1354 2373 1469 2413; x_wconf 88' lang='lat' dir='ltr'>ipsius</span> <span class='ocrx_word' id='word_1_340' title='bbox 1495 2370 1597 2413; x_wconf 87' lang='lat' dir='ltr'>pars)</span> <span class='ocrx_word' id='word_1_341' title='bbox 1634 2372 1731 2412; x_wconf 91' lang='lat' dir='ltr'>quod</span> <span class='ocrx_word' id='word_1_342' title='bbox 1762 2372 1856 2403; x_wconf 92' lang='lat' dir='ltr'>enim</span> <span class='ocrx_word' id='word_1_343' title='bbox 1882 2371 2007 2403; x_wconf 89' lang='lat' dir='ltr'>oculus</span> 
     </span>
     <span class='ocr_line' id='line_1_37' title="bbox 332 2425 1425 2472; baseline -0.005 -9"><span class='ocrx_word' id='word_1_344' title='bbox 332 2430 481 2472; x_wconf 67' lang='lat' dir='ltr'>[Mignffl</span> <span class='ocrx_word' id='word_1_345' title='bbox 509 2430 636 2469; x_wconf 85' lang='lat' dir='ltr'>oculis]</span> <span class='ocrx_word' id='word_1_346' title='bbox 662 2431 697 2463; x_wconf 91' lang='lat' dir='ltr'>in</span> <span class='ocrx_word' id='word_1_347' title='bbox 723 2438 879 2470; x_wconf 90' lang='lat' dir='ltr'>corpore</span> <span class='ocrx_word' id='word_1_348' title='bbox 904 2429 973 2461; x_wconf 89' lang='lat' dir='ltr'>hoc</span> <span class='ocrx_word' id='word_1_349' title='bbox 998 2436 1101 2460; x_wconf 86' lang='lat' dir='ltr'>mens</span> <span class='ocrx_word' id='word_1_350' title='bbox 1126 2427 1165 2459; x_wconf 91' lang='lat' dir='ltr'>in</span> <span class='ocrx_word' id='word_1_351' title='bbox 1191 2427 1313 2459; x_wconf 88' lang='lat' dir='ltr'>anima</span> <span class='ocrx_word' id='word_1_352' title='bbox 1338 2425 1425 2459; x_wconf 89' lang='lat' dir='ltr'>est.“</span> 
     </span>
    </p>

    <p class='ocr_par' dir='ltr' id='par_1_12' title="bbox 333 2475 2009 2579">
     <span class='ocr_line' id='line_1_38' title="bbox 471 2475 2009 2525; baseline -0.007 -8"><span class='ocrx_word' id='word_1_353' title='bbox 471 2483 486 2505; x_wconf 82' lang='lat'>3</span> <span class='ocrx_word' id='word_1_354' title='bbox 510 2484 547 2516; x_wconf 87' lang='lat' dir='ltr'>L.</span> <span class='ocrx_word' id='word_1_355' title='bbox 575 2492 602 2516; x_wconf 84' lang='lat' dir='ltr'>c.</span> <span class='ocrx_word' id='word_1_356' title='bbox 631 2484 707 2516; x_wconf 82' lang='lat'><strong>926.</strong></span> <span class='ocrx_word' id='word_1_357' title='bbox 761 2479 821 2522; x_wconf 84' lang='lat' dir='ltr'>„‘O</span> <span class='ocrx_word' id='word_1_358' title='bbox 858 2478 1061 2525; x_wconf 76' lang='grc' dir='ltr'><em>ἄνθρωπος</em></span> <span class='ocrx_word' id='word_1_359' title='bbox 1098 2478 1160 2511; x_wconf 78' lang='grc' dir='ltr'>καὶ</span> <span class='ocrx_word' id='word_1_360' title='bbox 1201 2481 1276 2519; x_wconf 86' lang='grc' dir='ltr'><em>τοῖς</em></span> <span class='ocrx_word' id='word_1_361' title='bbox 1313 2478 1480 2521; x_wconf 82' lang='grc' dir='ltr'><em>ἀψύχοις</em></span> <span class='ocrx_word' id='word_1_362' title='bbox 1517 2479 1702 2516; x_wconf 81' lang='grc' dir='ltr'><em>κοινωνεῖ,</em></span> <span class='ocrx_word' id='word_1_363' title='bbox 1741 2475 1803 2508; x_wconf 79' lang='grc' dir='ltr'>καὶ</span> <span class='ocrx_word' id='word_1_364' title='bbox 1840 2479 1900 2518; x_wconf 82' lang='grc' dir='ltr'>τῆς</span> <span class='ocrx_word' id='word_1_365' title='bbox 1937 2477 2009 2510; x_wconf 82' lang='grc' dir='ltr'>τῶν</span> 
     </span>
     <span class='ocr_line' id='line_1_39' title="bbox 333 2527 2009 2579; baseline -0.005 -11"><span class='ocrx_word' id='word_1_366' title='bbox 333 2534 485 2579; x_wconf 75' lang='grc' dir='ltr'><em>ἀλόγων</em></span> <span class='ocrx_word' id='word_1_367' title='bbox 509 2536 659 2579; x_wconf 81' lang='grc' dir='ltr'><em>μετέχει</em></span> <span class='ocrx_word' id='word_1_368' title='bbox 686 2534 792 2577; x_wconf 76' lang='grc' dir='ltr'>ζωῆς,</span> <span class='ocrx_word' id='word_1_369' title='bbox 819 2534 882 2566; x_wconf 81' lang='grc' dir='ltr'>καὶ</span> <span class='ocrx_word' id='word_1_370' title='bbox 910 2538 972 2577; x_wconf 82' lang='grc' dir='ltr'>τῆς</span> <span class='ocrx_word' id='word_1_371' title='bbox 998 2536 1070 2565; x_wconf 84' lang='grc' dir='ltr'>τῶν</span> <span class='ocrx_word' id='word_1_372' title='bbox 1096 2530 1263 2576; x_wconf 82' lang='grc' dir='ltr'><em>λογικῶν</em></span> <span class='ocrx_word' id='word_1_373' title='bbox 1287 2529 1493 2575; x_wconf 79' lang='grc' dir='ltr'><em>μετείληφε</em></span> <span class='ocrx_word' id='word_1_374' title='bbox 1518 2531 1688 2573; x_wconf 81' lang='grc' dir='ltr'><em>νοήσεως.</em></span> <span class='ocrx_word' id='word_1_375' title='bbox 1723 2527 1916 2561; x_wconf 84' lang='grc' dir='ltr'><em>Κοινωνεῐ</em></span> <span class='ocrx_word' id='word_1_376' title='bbox 1940 2527 2009 2572; x_wconf 82' lang='grc' dir='ltr'>γὰρ</span> 
     </span>
    </p>

    <p class='ocr_par' dir='ltr' id='par_1_13' title="bbox 331 2582 2009 2788">
     <span class='ocr_line' id='line_1_40' title="bbox 361 2582 2009 2630; baseline -0.003 -10"><span class='ocrx_word' id='word_1_377' title='bbox 361 2614 368 2620; x_wconf 92' lang='grc'><strong>.</strong></span> <span class='ocrx_word' id='word_1_378' title='bbox 390 2615 399 2629; x_wconf 80' lang='grc'>,</span> <span class='ocrx_word' id='word_1_379' title='bbox 421 2588 484 2620; x_wconf 79' lang='grc' dir='ltr'>καὶ</span> <span class='ocrx_word' id='word_1_380' title='bbox 506 2587 598 2620; x_wconf 78' lang='grc' dir='ltr'><strong><em>κατὰ</em></strong></span> <span class='ocrx_word' id='word_1_381' title='bbox 622 2588 687 2630; x_wconf 79' lang='grc' dir='ltr'>τὴν</span> <span class='ocrx_word' id='word_1_382' title='bbox 713 2585 904 2630; x_wconf 67' lang='grc' dir='ltr'><strong><em>αἴσθησιν,</em></strong></span> <span class='ocrx_word' id='word_1_383' title='bbox 931 2586 994 2618; x_wconf 79' lang='grc' dir='ltr'>καὶ</span> <span class='ocrx_word' id='word_1_384' title='bbox 1015 2585 1106 2618; x_wconf 78' lang='grc' dir='ltr'><strong><em>κατὰ</em></strong></span> <span class='ocrx_word' id='word_1_385' title='bbox 1133 2585 1198 2627; x_wconf 78' lang='grc' dir='ltr'>τὴν</span> <span class='ocrx_word' id='word_1_386' title='bbox 1224 2582 1313 2616; x_wconf 78' lang='grc' dir='ltr'><strong><em>καθ’</em></strong></span> <span class='ocrx_word' id='word_1_387' title='bbox 1340 2584 1459 2629; x_wconf 77' lang='grc' dir='ltr'><em>ὁρμὴν</em></span> <span class='ocrx_word' id='word_1_388' title='bbox 1485 2583 1665 2626; x_wconf 81' lang='grc' dir='ltr'><strong><em>κίνησιν.“</em></strong></span> <span class='ocrx_word' id='word_1_389' title='bbox 1703 2584 1841 2623; x_wconf 85' lang='lat' dir='ltr'>„Nosse</span> <span class='ocrx_word' id='word_1_390' title='bbox 1866 2583 2009 2623; x_wconf 84' lang='lat' dir='ltr'>oportet</span> 
     </span>
     <span class='ocr_line' id='line_1_41' title="bbox 331 2636 2009 2677; baseline -0.005 -1"><span class='ocrx_word' id='word_1_391' title='bbox 331 2643 513 2675; x_wconf 89' lang='lat' dir='ltr'>hominem</span> <span class='ocrx_word' id='word_1_392' title='bbox 534 2644 569 2675; x_wconf 92' lang='lat' dir='ltr'>et</span> <span class='ocrx_word' id='word_1_393' title='bbox 589 2651 669 2675; x_wconf 91' lang='lat' dir='ltr'>cum</span> <span class='ocrx_word' id='word_1_394' title='bbox 686 2642 854 2674; x_wconf 90' lang='lat' dir='ltr'>inanimis</span> <span class='ocrx_word' id='word_1_395' title='bbox 875 2641 1144 2674; x_wconf 74' lang='lat' dir='ltr'>communicare</span> <span class='ocrx_word' id='word_1_396' title='bbox 1166 2640 1202 2672; x_wconf 87' lang='lat' dir='ltr'>et</span> <span class='ocrx_word' id='word_1_397' title='bbox 1220 2639 1406 2671; x_wconf 90' lang='lat' dir='ltr'>brutorum</span> <span class='ocrx_word' id='word_1_398' title='bbox 1426 2638 1659 2671; x_wconf 89' lang='lat' dir='ltr'>animantium</span> <span class='ocrx_word' id='word_1_399' title='bbox 1678 2638 1774 2670; x_wconf 88' lang='lat' dir='ltr'>vitae</span> <span class='ocrx_word' id='word_1_400' title='bbox 1795 2636 2009 2677; x_wconf 85' lang='lat' dir='ltr'>participem</span> 
     </span>
     <span class='ocr_line' id='line_1_42' title="bbox 333 2689 2009 2735; baseline -0.004 -7"><span class='ocrx_word' id='word_1_401' title='bbox 333 2704 417 2728; x_wconf 91' lang='lat' dir='ltr'>esse</span> <span class='ocrx_word' id='word_1_402' title='bbox 444 2697 479 2728; x_wconf 91' lang='lat' dir='ltr'>et</span> <span class='ocrx_word' id='word_1_403' title='bbox 504 2704 585 2728; x_wconf 91' lang='lat' dir='ltr'>cum</span> <span class='ocrx_word' id='word_1_404' title='bbox 605 2696 676 2728; x_wconf 87' lang='lat' dir='ltr'>illis</span> <span class='ocrx_word' id='word_1_405' title='bbox 697 2695 864 2735; x_wconf 89' lang='lat' dir='ltr'>denique,</span> <span class='ocrx_word' id='word_1_406' title='bbox 895 2703 989 2734; x_wconf 88' lang='lat' dir='ltr'>quae</span> <span class='ocrx_word' id='word_1_407' title='bbox 1009 2693 1152 2726; x_wconf 85' lang='lat' dir='ltr'>ratione</span> <span class='ocrx_word' id='word_1_408' title='bbox 1172 2692 1340 2733; x_wconf 86' lang='lat' dir='ltr'>praedita</span> <span class='ocrx_word' id='word_1_409' title='bbox 1359 2692 1442 2724; x_wconf 87' lang='lat' dir='ltr'>sunt</span> <span class='ocrx_word' id='word_1_410' title='bbox 1461 2691 1664 2732; x_wconf 87' lang='lat' dir='ltr'>intelligere</span> <span class='ocrx_word' id='word_1_411' title='bbox 1685 2714 1692 2721; x_wconf 90' lang='lat'>.</span> <span class='ocrx_word' id='word_1_412' title='bbox 1712 2716 1719 2723; x_wconf 93' lang='lat'><strong>.</strong></span> <span class='ocrx_word' id='word_1_413' title='bbox 1743 2716 1749 2722; x_wconf 93' lang='lat'>.</span> <span class='ocrx_word' id='word_1_414' title='bbox 1770 2689 2009 2722; x_wconf 85' lang='lat' dir='ltr'>communicat</span> 
     </span>
     <span class='ocr_line' id='line_1_43' title="bbox 333 2743 1261 2788; baseline -0.005 -7"><span class='ocrx_word' id='word_1_415' title='bbox 333 2775 340 2781; x_wconf 88' lang='lat'><em>.</em></span> <span class='ocrx_word' id='word_1_416' title='bbox 363 2775 369 2781; x_wconf 93' lang='lat'><strong><em>.</em></strong></span> <span class='ocrx_word' id='word_1_417' title='bbox 393 2774 399 2781; x_wconf 95' lang='lat'><strong>.</strong></span> <span class='ocrx_word' id='word_1_418' title='bbox 420 2749 580 2788; x_wconf 89' lang='lat' dir='ltr'>itemque</span> <span class='ocrx_word' id='word_1_419' title='bbox 606 2756 753 2780; x_wconf 87' lang='lat' dir='ltr'>sensum</span> <span class='ocrx_word' id='word_1_420' title='bbox 780 2748 816 2780; x_wconf 91' lang='lat' dir='ltr'>et</span> <span class='ocrx_word' id='word_1_421' title='bbox 841 2748 976 2779; x_wconf 90' lang='lat' dir='ltr'>motum</span> <span class='ocrx_word' id='word_1_422' title='bbox 1001 2743 1261 2786; x_wconf 86' lang='lat' dir='ltr'>impulsionis.“</span> 
     </span>
    </p>

    <p class='ocr_par' dir='ltr' id='par_1_14' title="bbox 333 2794 2009 2940">
     <span class='ocr_line' id='line_1_44' title="bbox 471 2794 2009 2838; baseline -0.005 -4"><span class='ocrx_word' id='word_1_423' title='bbox 471 2800 487 2823; x_wconf 87' lang='lat'>4</span> <span class='ocrx_word' id='word_1_424' title='bbox 511 2800 758 2834; x_wconf 81' lang='lat' dir='ltr'>Damasceni‘?</span> <span class='ocrx_word' id='word_1_425' title='bbox 782 2801 917 2833; x_wconf 91' lang='lat' dir='ltr'>Locum</span> <span class='ocrx_word' id='word_1_426' title='bbox 943 2808 1014 2832; x_wconf 92' lang='lat' dir='ltr'>non</span> <span class='ocrx_word' id='word_1_427' title='bbox 1040 2799 1172 2831; x_wconf 85' lang='lat' dir='ltr'>inveni.</span> <span class='ocrx_word' id='word_1_428' title='bbox 1224 2798 1293 2831; x_wconf 92' lang='lat' dir='ltr'>Sed</span> <span class='ocrx_word' id='word_1_429' title='bbox 1314 2798 1376 2830; x_wconf 83' lang='lat' dir='ltr'>cir.</span> <span class='ocrx_word' id='word_1_430' title='bbox 1398 2806 1510 2838; x_wconf 86' lang='lat' dir='ltr'>supra</span> <span class='ocrx_word' id='word_1_431' title='bbox 1529 2798 1651 2829; x_wconf 89' lang='lat' dir='ltr'>notam</span> <span class='ocrx_word' id='word_1_432' title='bbox 1670 2797 1689 2829; x_wconf 88' lang='grc'>2</span> <span class='ocrx_word' id='word_1_433' title='bbox 1711 2797 1747 2829; x_wconf 89' lang='lat' dir='ltr'>et</span> <span class='ocrx_word' id='word_1_434' title='bbox 1774 2796 1847 2835; x_wconf 84' lang='lat' dir='ltr'>„De</span> <span class='ocrx_word' id='word_1_435' title='bbox 1866 2794 2009 2835; x_wconf 76' lang='lat' dir='ltr'>Spiritu</span> 
     </span>
     <span class='ocr_line' id='line_1_45' title="bbox 333 2848 2009 2895; baseline -0.004 -8"><span class='ocrx_word' id='word_1_436' title='bbox 333 2856 367 2887; x_wconf 78' lang='lat' dir='ltr'>et</span> <span class='ocrx_word' id='word_1_437' title='bbox 390 2853 552 2887; x_wconf 77' lang='lat' dir='ltr'>Anima“</span> <span class='ocrx_word' id='word_1_438' title='bbox 581 2853 688 2894; x_wconf 89' lang='lat' dir='ltr'>(inter</span> <span class='ocrx_word' id='word_1_439' title='bbox 714 2863 829 2895; x_wconf 82' lang='lat' dir='ltr'>opera</span> <span class='ocrx_word' id='word_1_440' title='bbox 852 2851 1061 2895; x_wconf 86' lang='lat' dir='ltr'>Augustini)</span> <span class='ocrx_word' id='word_1_441' title='bbox 1087 2861 1116 2885; x_wconf 90' lang='lat' dir='ltr'>c.</span> <span class='ocrx_word' id='word_1_442' title='bbox 1145 2852 1188 2885; x_wconf 89' lang='lat'>30</span> <span class='ocrx_word' id='word_1_443' title='bbox 1215 2850 1285 2891; x_wconf 89' lang='lat' dir='ltr'>(PL</span> <span class='ocrx_word' id='word_1_444' title='bbox 1312 2851 1366 2890; x_wconf 86' lang='lat'>40,</span> <span class='ocrx_word' id='word_1_445' title='bbox 1394 2849 1491 2891; x_wconf 86' lang='lat'>803):</span> <span class='ocrx_word' id='word_1_446' title='bbox 1532 2850 1632 2890; x_wconf 88' lang='lat' dir='ltr'>„Non</span> <span class='ocrx_word' id='word_1_447' title='bbox 1659 2850 1788 2888; x_wconf 87' lang='lat' dir='ltr'>anima,</span> <span class='ocrx_word' id='word_1_448' title='bbox 1822 2849 1886 2881; x_wconf 90' lang='lat' dir='ltr'>sed</span> <span class='ocrx_word' id='word_1_449' title='bbox 1913 2848 2009 2889; x_wconf 89' lang='lat' dir='ltr'>quod</span> 
     </span>
     <span class='ocr_line' id='line_1_46' title="bbox 334 2904 1027 2940; baseline -0.003 0"><span class='ocrx_word' id='word_1_450' title='bbox 334 2908 481 2940; x_wconf 87' lang='lat' dir='ltr'>excellit</span> <span class='ocrx_word' id='word_1_451' title='bbox 505 2908 541 2940; x_wconf 91' lang='lat' dir='ltr'>in</span> <span class='ocrx_word' id='word_1_452' title='bbox 567 2908 688 2940; x_wconf 89' lang='lat' dir='ltr'>anima</span> <span class='ocrx_word' id='word_1_453' title='bbox 713 2915 815 2939; x_wconf 86' lang='lat' dir='ltr'>mens</span> <span class='ocrx_word' id='word_1_454' title='bbox 841 2904 1027 2939; x_wconf 88' lang='lat' dir='ltr'>vocatur“.</span> 
     </span>
    </p>

    <p class='ocr_par' dir='ltr' id='par_1_15' title="bbox 472 2957 1516 2998">
     <span class='ocr_line' id='line_1_47' title="bbox 472 2957 1516 2998; baseline -0.004 -5"><span class='ocrx_word' id='word_1_455' title='bbox 472 2960 486 2982; x_wconf 82' lang='lat'><strong>5</strong></span> <span class='ocrx_word' id='word_1_456' title='bbox 512 2961 564 2993; x_wconf 87' lang='lat' dir='ltr'>De</span> <span class='ocrx_word' id='word_1_457' title='bbox 591 2960 678 2993; x_wconf 77' lang='lat' dir='ltr'>Gen.</span> <span class='ocrx_word' id='word_1_458' title='bbox 705 2959 827 2993; x_wconf 82' lang='lat' dir='ltr'>Anim.</span> <span class='ocrx_word' id='word_1_459' title='bbox 854 2959 893 2998; x_wconf 92' lang='grc' dir='ltr'>ΙΙ,</span> <span class='ocrx_word' id='word_1_460' title='bbox 922 2959 958 2998; x_wconf 84' lang='grc'>3;</span> <span class='ocrx_word' id='word_1_461' title='bbox 986 2958 1331 2997; x_wconf 78' lang='lat' dir='ltr'>Montelortino,</span> <span class='ocrx_word' id='word_1_462' title='bbox 1358 2957 1411 2997; x_wconf 92' lang='grc' dir='ltr'>ΙΙΙ,</span> <span class='ocrx_word' id='word_1_463' title='bbox 1439 2957 1516 2989; x_wconf 80' lang='grc'><strong>499.</strong></span> 
     </span>
    </p>

    <p class='ocr_par' dir='ltr' id='par_1_16' title="bbox 473 3008 1708 3053">
     <span class='ocr_line' id='line_1_48' title="bbox 473 3008 1708 3053; baseline -0.004 -7"><span class='ocrx_word' id='word_1_464' title='bbox 473 3012 487 3035; x_wconf 77' lang='grc'>6</span> <span class='ocrx_word' id='word_1_465' title='bbox 513 3022 543 3047; x_wconf 90' lang='grc'>0.</span> <span class='ocrx_word' id='word_1_466' title='bbox 572 3014 614 3045; x_wconf 89' lang='lat'>15</span> <span class='ocrx_word' id='word_1_467' title='bbox 641 3011 711 3053; x_wconf 89' lang='lat' dir='ltr'>(PL</span> <span class='ocrx_word' id='word_1_468' title='bbox 737 3013 791 3051; x_wconf 84' lang='lat'>40,</span> <span class='ocrx_word' id='word_1_469' title='bbox 818 3011 912 3052; x_wconf 85' lang='lat'><strong>791).</strong></span> <span class='ocrx_word' id='word_1_470' title='bbox 1055 3010 1068 3033; x_wconf 85' lang='lat'><strong>7</strong></span> <span class='ocrx_word' id='word_1_471' title='bbox 1095 3020 1124 3043; x_wconf 88' lang='lat' dir='ltr'>c.</span> <span class='ocrx_word' id='word_1_472' title='bbox 1153 3011 1194 3043; x_wconf 90' lang='grc'>19</span> <span class='ocrx_word' id='word_1_473' title='bbox 1221 3009 1291 3050; x_wconf 87' lang='lat' dir='ltr'>(PL</span> <span class='ocrx_word' id='word_1_474' title='bbox 1317 3011 1371 3050; x_wconf 88' lang='lat'>58,</span> <span class='ocrx_word' id='word_1_475' title='bbox 1399 3010 1476 3049; x_wconf 81' lang='lat'>985,</span> <span class='ocrx_word' id='word_1_476' title='bbox 1503 3010 1566 3042; x_wconf 81' lang='lat' dir='ltr'>cfr.</span> <span class='ocrx_word' id='word_1_477' title='bbox 1595 3008 1708 3050; x_wconf 83' lang='lat'>1022).</span> 
     </span>
    </p>
   </div>
  </div>
 </body>
</html>
