2095 3459
791 205 963 241 Quaestio
991 204 1086 236 XLll.
1701 197 1766 232 221

234 303 266 337 4.
292 302 391 337 Item
411 301 566 337 verItas
586 301 711 336 habet
731 301 1021 337 definitionem.
1062 300 1142 336 Sed
1164 310 1283 336 omne
1306 300 1413 344 quod
1435 299 1626 335 definitur
1646 298 1769 333 habet

96 361 409 401 similitudinem,
437 361 488 396 ad
515 360 648 396 minus
675 361 774 402 <ad>
801 361 931 405 ipsam
958 370 1072 396 suam
1100 360 1392 395 definitionem.
1442 357 1547 403 Ergo
1575 359 1649 393 etc.

804 444 1074 489 Responsio.
1482 465 1486 468 -
1797 438 1841 475 C.

235 520 315 555 Aut
342 521 405 556 est
431 520 619 565 quaestio
658 521 708 556 de
736 520 908 556 veritate
944 520 1180 565 simpliciter
1216 521 1256 555 et
1290 520 1329 554 in
1366 518 1580 560 communi,
1619 517 1683 552 vel
1720 517 1770 552 de

59 594 75 619 5
95 579 232 624 aliqua
258 579 432 615 veritate
459 579 500 615 in
526 580 772 624 particulari.

235 638 397 674 Veritas
424 638 663 684 simpliciter
688 639 949 685 cognoscitur
976 639 1204 684 tripliciter:
1231 638 1308 674 Per
1327 637 1641 682 inquisitionem,
1669 635 1773 671 sicut

94 698 190 734 dicit
215 697 534 743 Augustinus,
562 698 621 734 De
655 699 756 734 Vera
782 699 907 734 Rem:
946 698 1176 744 „Regulam
1209 697 1348 742 inquit,
1376 705 1496 741 quam
1522 695 1652 736 vides,
1679 704 1773 730 con-

94 756 184 802 cipe
209 757 289 792 hoc
314 757 456 793 modo:
496 756 637 794 Omnis
664 758 733 802 qui
759 767 804 794 se
833 757 1084 793 dubitantem
1110 756 1307 802 intelligit,
1340 765 1483 792 verum
1509 754 1706 799 intelligit,
1733 754 1773 789 et

95 816 145 852 de
171 817 248 852 hac
275 826 320 852 re
347 825 468 861 quam
494 816 681 863 intelligit
707 818 843 853 certus
865 818 938 852 est.
982 816 1042 852 De
1063 825 1162 852 vero
1197 815 1318 863 igitur
1338 816 1475 851 certus
1495 815 1591 850 est.“
1642 812 1772 848 Etiam

45 888 75 914 ιο
95 875 359 921 cognoscitur
384 884 457 920 per
483 875 775 912 definitionem.
816 877 979 912 Certum
1007 875 1115 911 enim
1142 875 1216 916 est,
1243 874 1352 919 quod
1377 874 1605 919 intelligere
1633 871 1774 908 defini-

94 935 247 971 tionem
275 935 338 971 est
364 935 582 980 concipere
608 935 786 980 aliquam
814 934 971 971 definiti
993 933 1308 970 similitudinem.
1359 932 1630 978 Cognoscitur
1651 931 1771 968 etiam

93 1003 169 1039 per
188 994 415 1030 naturalem
437 993 765 1039 impressionem,
793 994 898 1030 sicut
918 993 1014 1029 dicit
1034 992 1364 1038 Augustinus,
1385 992 1445 1028 De
1465 992 1549 1028 Lib.
1570 992 1665 1028 ΑΝ).
1686 992 1772 1027 II.2:

97 1052 353 1098 „Sapientiae
386 1053 647 1089 vocationem
685 1053 726 1088 in
764 1054 902 1089 mente
940 1053 1140 1088 habemus
1177 1051 1434 1096 impressam.
1483 1050 1629 1086 Inna-ta
1665 1050 1773 1086 enim

95 1113 160 1148 est
184 1111 303 1148 nobis
328 1112 426 1148 boni
451 1112 622 1157 verique
650 1111 885 1157 cupiditas.“

43 1183 76 1208 15
235 1171 398 1207 Veritas
423 1171 680 1216 particularis
707 1171 908 1216 quaedam
936 1172 997 1206 est
1024 1170 1250 1215 complexa,
1277 1169 1479 1214 quaedam
1502 1169 1773 1214 incomplexa.

95 1230 259 1266 Veritas
278 1230 598 1275 in<com>plexa,
619 1240 726 1275 quae
747 1231 812 1266 e'st
824 1240 926 1266 vera
945 1230 1006 1266 rei
1026 1230 1187 1271 entitas,
1206 1228 1468 1275 cognoscitur
1485 1238 1561 1274 per
1581 1228 1773 1273 speciem,

96 1289 202 1325 sicut
235 1298 302 1325 res
341 1289 456 1326 cuius
493 1291 557 1326 est
590 1290 756 1326 veritas,
806 1286 969 1326 Veritas
1009 1288 1270 1325 enuntiabilis
1296 1288 1557 1334 cognoscitur
1583 1287 1774 1324 effective

95 1358 171 1394 per
188 1349 322 1385 lucem
342 1350 566 1391 aeternam,
594 1349 797 1385 obiective
816 1358 892 1394 per
915 1348 1078 1394 species
1100 1348 1342 1393 simplicium
1362 1347 1631 1383 terminorum
1651 1356 1776 1383 enun-

95 1408 234 1444 tiabile
260 1408 604 1450 constituentium,
643 1408 888 1453 completive
914 1417 990 1453 per
1014 1407 1256 1443 relationem
1294 1407 1347 1443 ad
1384 1407 1517 1442 lucem
1555 1407 1776 1442 incommu-

43 1478 78 1504 20
96 1467 263 1503 tabilem
300 1467 416 1503 iuxta
452 1467 561 1504 illam
599 1468 885 1504 auctoritatem
920 1467 1181 1513 Augustini
1215 1467 1494 1511 praetactam3
1520 1465 1776 1509 „Secundum

95 1526 204 1562 illam
229 1526 455 1563 iudicamus
481 1528 579 1563 etc.“
599 1529 612 1569 Η
1796 1527 1858 1560 rol.
1879 1528 1923 1561 32
1932 1532 1986 1560 rcz

682 1609 853 1646 Solutio
881 1609 1182 1645 obiectorum.
1798 1606 1849 1643 D.

237 1687 268 1722 1.
295 1686 358 1722 Ad
383 1686 557 1731 primum
596 1687 802 1723 obiectum
840 1686 1056 1722 dicendum
1095 1685 1204 1730 quod
1243 1694 1374 1727 omne,
1413 1684 1522 1729 quod
1559 1684 1601 1720 in
1638 1683 1774 1720 animo

97 1744 372 1780 essentialiter
398 1746 472 1787 est,
498 1744 744 1791 intelligitur
761 1745 974 1782 actualiter
999 1745 1087 1787 <et>
1115 1744 1306 1789 exprimit
1330 1753 1447 1780 suam
1472 1742 1776 1779 similitudinem

43 1814 78 1839 25
97 1803 138 1839 in
165 1803 254 1839 acie
280 1803 587 1850 intelllgentiae.
639 1805 720 1842 Sed
745 1804 900 1841 veritas
933 1804 1029 1840 dicit
1061 1803 1330 1840 intentionem
1365 1812 1635 1845 communem,
1670 1812 1776 1848 quae

97 1862 333 1907 insplendet
357 1863 487 1905 nobis,
525 1864 567 1900 in
593 1865 791 1909 quantum
817 1863 995 1900 delativa
1020 1863 1191 1899 aliorum
1217 1862 1359 1908 magis,
1398 1872 1517 1907 quam
1550 1862 1591 1897 in
1618 1862 1776 1898 ratione

99 1921 258 1958 obiecti.
308 1921 358 1957 Et
382 1922 476 1958 ideo
504 1933 597 1959 cum
631 1923 842 1968 quaeritur
875 1922 964 1958 eius
1000 1922 1188 1967 quiditas,
1226 1921 1428 1957 convertit
1467 1930 1511 1957 se
1550 1921 1687 1957 anima
1724 1921 1775 1957 ad

98 1981 370 2026 particularia,
410 1991 516 2026 quae
544 1982 748 2019 obiective
775 1982 880 2018 solet
905 1981 1101 2023 contueri,
1138 1981 1179 2017 et
1210 1982 1321 2017 errat
1345 1981 1451 2016 inter
1476 1980 1775 2025 phantasmata.

98 2039 188 2076 Noli
211 2040 333 2086 igitur
359 2050 573 2085 quaerere,
600 2041 696 2086 quid
722 2041 775 2077 sit
799 2041 964 2083 veritas,
990 2040 1097 2076 inter
1122 2039 1390 2085 phantastica,
1418 2039 1604 2084 quamvis
1624 2039 1665 2075 in
1685 2039 1776 2076 luce

45 2114 79 2140 30
100 2108 175 2134 sua
201 2099 390 2144 superius
417 2100 562 2145 quaeri
586 2101 719 2145 possit
745 2101 787 2136 et
820 2099 1006 2141 inveniri,
1044 2099 1150 2135 sicut
1185 2098 1425 2134 definitores
1460 2098 1646 2134 veritatis
1686 2108 1776 2135 eam

98 2157 355 2195 invenerant.

239 2219 271 2254 2.
297 2218 360 2255 Ad
387 2219 613 2255 secundum
638 2218 903 2261 (dicendum)
939 2218 1048 2263 quod
1073 2218 1227 2253 veritas
1262 2218 1328 2253 est
1361 2216 1465 2252 ratio
1500 2216 1779 2262 cognoscendi

100 2276 191 2318 alia,
230 2286 336 2321 quae
373 2277 578 2314 obiective
611 2278 925 2323 cognoscuntur.
976 2277 1058 2313 Sed
1082 2276 1300 2322 impressio
1328 2276 1417 2312 eius
1442 2275 1484 2311 in
1509 2275 1778 2321 intelligentia

100 2344 183 2371 non
209 2336 273 2371 est
298 2336 504 2372 obiectum
529 2336 836 2382 intelligentiae,
866 2336 939 2372 sed
965 2335 1184 2372 similitudo
1211 2334 1373 2376 obiecti,
1400 2334 1556 2370 scilicet
1580 2334 1776 2370 veritatis.

47 2409 81 2434 35
240 2396 273 2431 3.
299 2394 362 2431 Ad
386 2396 550 2432 tertium
577 2396 793 2432 dicendum
820 2396 930 2440 quod
955 2395 1086 2431 simile
1113 2394 1230 2430 alteri
1254 2395 1317 2430 est
1336 2393 1495 2434 falsum,
1523 2393 1686 2437 quando
1715 2393 1779 2429 est

100 2454 141 2489 in
168 2454 333 2490 diverso
358 2463 514 2500 genere
540 2456 592 2491 ab
618 2455 698 2496 illo,
725 2455 840 2491 cuius
867 2455 931 2490 est
957 2454 1107 2498 simile;
1147 2453 1251 2489 sicut
1278 2453 1414 2498 imago
1433 2452 1542 2487 Petri
1567 2453 1631 2488 est
1649 2451 1777 2488 falsus

99 2512 243 2549 Petrus
270 2514 312 2549 et
336 2513 544 2558 plumbum
568 2514 738 2559 politum
764 2514 827 2549 est
851 2513 998 2549 falsum
1025 2513 1250 2558 argentum,
1276 2512 1320 2547 ut
1346 2511 1443 2547 dicit
1467 2511 1522 2547 ibi
1545 2510 1614 2546 Au
1624 2510 1779 2556 gusti-

101 2581 203 2608 nus,
254 2571 335 2608 Sed
361 2571 594 2614 similitudo,
620 2573 672 2608 de
698 2581 781 2616 qua
805 2571 1018 2616 loquimur,
1057 2579 1261 2615 expressa
1287 2570 1351 2605 est
1376 2570 1428 2605 ab
1454 2569 1533 2611 illo,
1573 2569 1688 2604 cuius
1715 2569 1780 2604 est

101 2630 334 2672 similitudo,
362 2632 403 2667 et
427 2631 468 2666 in
495 2631 642 2667 eodem
668 2640 822 2676 genere
849 2640 940 2666 cum
965 2630 1044 2665 illo.

241 2734 261 2766 6
287 2734 490 2775 tripliciter]
517 2734 673 2767 additur
696 2735 737 2767 in
763 2712 937 2774 niaryine
1034 2734 1051 2765 7
1080 2733 1132 2765 De
1157 2732 1256 2765 Vera
1280 2731 1370 2771 Rel.]
1399 2732 1436 2769 *1-
1464 2731 1508 2763 IV

241 2834 253 2856 1
281 2835 323 2867 39
350 2834 421 2875 (PL
446 2835 500 2874 34,
529 2835 594 2867 154
619 2843 653 2867 n.
681 2833 751 2874 73).

242 2886 257 2909 2
282 2887 320 2927 II,
348 2888 368 2920 9
394 2886 466 2927 (PL
491 2887 546 2926 32,
574 2886 690 2926 1254).
716 2887 773 2919 Ad
798 2892 962 2924 sensum;
989 2886 1052 2917 cfr.
1079 2885 1241 2923 Boeth.,
1268 2885 1320 2917 De
1348 2884 1455 2916 Com.
1482 2884 1536 2923 III,
1563 2891 1676 2923 prosa
1701 2883 1732 2915 2.

242 2939 257 2962 3
283 2940 402 2981 Supra
425 2949 509 2981 pag.
537 2941 615 2979 219,
641 2941 713 2972 not.
741 2940 773 2972 3.
