2095 3459
76 831 108 855 10

74 1128 106 1152 15

73 1489 107 1514 20

72 2083 106 2107 30

838 194 1011 233 Quaestio
1039 195 1108 229 Vll.
1773 197 1816 230 77

128 287 238 326 modi
277 291 497 335 passiones
539 292 579 328 et
612 302 686 338 per
719 303 983 338 consequens
1011 294 1121 330 vires
1160 294 1248 330 illas
1277 294 1507 339 passibiles.
1558 294 1663 341 Ergo
1692 295 1816 331 multo

127 348 272 385 fortius
302 350 425 386 habet
452 351 557 387 haec
583 351 706 389 homo
736 353 963 388 secundum
992 355 1150 398 partem
1178 354 1481 390 intellectivam.

269 410 301 445 4.
328 409 426 445 Item
454 410 679 456 Algazel
708 411 848 448 dicit¹:
889 412 1127 457 „Appetitus
1155 413 1369 457 bipartitus
1398 415 1480 456 est;
1509 414 1548 449 in
1577 414 1816 458 repellendo

130 468 237 504 enim
265 470 329 505 est
355 469 584 512 irascibilis,
612 471 727 507 cuius
756 471 945 507 debilitas
968 473 1032 507 est
1052 472 1182 512 timor,
1210 472 1249 507 in
1271 473 1516 509 attrahendo
1539 473 1817 509 desiderativa

129 527 195 564 vel
224 529 569 573 concupiscibilis,
598 530 711 566 cuius
740 531 929 566 debilitas
956 532 1020 566 est
1046 532 1330 567 abominatio.“
1371 532 1411 568 Si
1438 542 1537 577 ergo
1571 533 1690 568 timor
1716 542 1816 568 vere

130 588 171 623 et
197 588 362 632 proprie
391 590 455 624 est
482 589 521 624 in
550 591 665 634 parte
695 590 909 635 superiore
926 613 968 616 —
985 600 1075 626 cum
1097 590 1208 626 solus
1225 590 1336 627 Deus
1360 592 1411 627 sit
1436 601 1511 637 per
1538 601 1584 628 se
1611 592 1816 628 timendus

127 668 172 672 —
199 656 299 683 vere
328 648 369 683 et
394 649 560 693 proprie
589 649 791 694 superiori
819 649 921 694 parti
950 650 1070 685 inerit
1097 650 1324 686 irascibilis.

272 708 304 742 5.
343 706 442 743 Item
479 708 857 753 (Augustinus)
896 709 954 744 De
980 709 1061 745 Civ.
1095 708 1194 750 XIV,
1228 719 1315 754 cap.
1342 711 1407 746 52:
1449 710 1559 754 „Non
1599 720 1652 747 ex
1692 720 1815 747 carne

128 766 286 802 tantum
313 766 490 802 afficitur
516 767 664 808 anima,
701 769 743 803 ut
776 768 922 813 cupiat,
962 769 1127 808 metuat.
1166 769 1352 811 laetetur,
1392 771 1634 816 cognoscat;
1673 780 1815 806 verum

129 825 252 861 etiam
279 835 333 861 ex
360 836 406 861 se
434 826 524 871 ipsa
551 827 612 862 liis
640 828 778 872 potest
806 827 982 863 motibus
1010 827 1188 873 agitari.“
1227 828 1308 864 Sed
1334 829 1471 865 anima
1498 838 1551 865 ex
1579 839 1704 865 carne
1731 829 1817 866 affi-

127 884 230 920 citur
256 894 330 930 per
356 885 466 921 vires
496 886 739 929 sensitivas;
780 896 833 922 ex
868 896 913 923 se
941 886 1032 931 ipsa
1058 888 1196 923 autem
1223 887 1355 923 solum
1382 889 1609 924 secundum
1636 889 1816 925 intellec—

126 944 244 986 tivas‚
285 954 391 989 quae
431 946 652 990 organicae
693 955 775 982 non
813 947 917 982 sunt.
967 945 1073 991 Ergo
1107 946 1212 982 istae
1239 946 1460 991 passiones
1487 947 1626 983 insunt
1652 948 1814 984 animae

126 1013 210 1039 non
238 1004 466 1040 secundum
493 1005 604 1041 vires
633 1005 765 1041 solum
792 1004 1023 1046 inferiores,
1058 1006 1133 1041 sed
1161 1005 1283 1041 etiam
1311 1007 1537 1042 secundum
1566 1007 1814 1052 superiores.

127 1062 301 1107 Oportet
327 1072 426 1109 ergo
455 1065 564 1108 quod
591 1064 632 1100 in
659 1066 775 1110 parte
805 1064 1007 1110 superiori
1035 1064 1115 1100 sint
1151 1065 1336 1101 subiecta
1362 1065 1527 1110 propria
1553 1066 1813 1111 passionum:

125 1121 341 1158 irascibilis
371 1124 411 1158 et
438 1123 781 1168 concupiscibilis.

881 1218 1062 1255 Contra.

269 1302 298 1336 1.
336 1300 695 1338 Damascenus
735 1301 777 1337 II.
804 1302 869 1338 lib.
898 1312 984 1347 cap.
1008 1303 1075 1338 103
1113 1302 1253 1338 dividit
1292 1303 1499 1347 potentias
1538 1303 1700 1340 animae
1739 1314 1813 1349 per

125 1359 328 1396 rationale
357 1361 398 1397 et
423 1361 674 1403 irrationale,
702 1371 776 1406 per
802 1362 1033 1397 oboediens
1054 1361 1204 1398 rationi
1226 1362 1265 1398 et
1285 1371 1369 1397 non
1391 1363 1631 1399 oboediens.
1676 1363 1813 1406 <Non>

127 1419 357 1456 oboediens
384 1421 522 1456 autem
549 1420 692 1457 dividit
718 1430 791 1465 per
819 1421 1198 1466 concupiscentiam
1226 1422 1266 1456 et
1291 1421 1403 1457 iram.
1447 1421 1552 1467 Ergo
1574 1422 1679 1458 istae
1700 1422 1810 1459 vires

127 1488 337 1524 nunquam
362 1479 459 1515 alibi
485 1489 607 1525 quam
633 1479 674 1516 in
701 1481 817 1525 parte
854 1480 1079 1516 irrationali
1114 1481 1341 1516 secundum
1379 1481 1511 1526 ipsum
1548 1481 1811 1518 collocantur.

124 1537 279 1574 Eadem
307 1538 430 1574 etiam
457 1539 666 1575 sententia
691 1539 993 1584 Philosophi
1018 1540 1059 1575 in
1086 1540 1269 1576 Ethica4.

266 1598 298 1633 2.
337 1597 438 1633 Item
465 1597 810 1643 Augustinus,
838 1598 897 1634 De
923 1599 1004 1635 Civ.
1038 1598 1183 1635 XIX.5:
1224 1599 1330 1642 „Pax
1366 1599 1528 1635 animae
1564 1600 1810 1636 irrationalis

126 1656 190 1692 est
218 1656 406 1693 ordinata
431 1656 598 1702 requies
626 1657 936 1702 appetitionum,
975 1667 1059 1703 pax
1093 1658 1256 1694 animae
1292 1658 1503 1694 rationalis
1532 1659 1596 1694 est
1623 1659 1811 1696 ordinata

124 1715 296 1751 rationis
329 1716 588 1761 actionisque
622 1717 880 1753 consensio.“
943 1717 1004 1753 Ex
1030 1717 1161 1762 prima
1187 1717 1428 1753 definitione
1456 1718 1657 1764 sequitur,
1702 1719 1809 1763 quod

72 1786 87 1810 ε»
125 1775 403 1819 appetitiones
432 1776 527 1811 sunt
552 1775 594 1811 in
622 1776 738 1821 parte
766 1776 977 1818 sensitiva,
1005 1786 1176 1821 quarum
1204 1777 1363 1813 sedatio
1393 1778 1456 1813 est
1480 1786 1563 1822 pax
1602 1777 1701 1813 eius.
1750 1777 1811 1813 Ex

126 1834 311 1870 secunda
337 1833 579 1871 definitione
606 1835 778 1877 videtur,
806 1836 1024 1880 quodnon
1052 1837 1147 1871 sunt
1172 1835 1213 1871 in
1239 1837 1355 1880 parte
1381 1836 1581 1877 rationali,
1609 1836 1704 1881 quia
1729 1846 1811 1881 pax

127 1893 214 1929 eius
242 1894 387 1936 <tunc>
414 1904 498 1930 non
525 1894 775 1930 consisteret
801 1895 956 1930 tantum
983 1895 1024 1930 in
1051 1895 1331 1931 consensione
1359 1895 1529 1931 rationis
1558 1897 1598 1931 et
1624 1896 1809 1937 actionis,

127 1953 202 1988 sed
229 1952 351 1989 etiam
377 1954 418 1989 in
444 1953 588 1998 requie
615 1954 922 1999 appetitionum.
975 1954 1015 1990 Si
1041 1954 1162 1999 igitur
1187 1955 1296 1990 bene
1318 1954 1461 1990 definit
1477 1954 1809 2000 Augustinus,

126 2022 209 2048 non
236 2013 457 2057 passiones
484 2022 563 2049 nec
589 2013 761 2049 virtutes
788 2013 1007 2059 passibiles
1029 2015 1196 2056 <erunt>
1215 2014 1257 2049 in
1283 2014 1400 2059 parte
1426 2014 1588 2050 animae
1608 2014 1808 2050 rationali.

266 2072 298 2108 3.
334 2072 434 2108 Item
470 2082 544 2117 per
579 2074 864 2118 argumentum
892 2073 970 2109 sic:
1008 2073 1051 2109 In
1089 2074 1206 2118 parte
1247 2073 1447 2109 sensitiva
1484 2073 1810 2118 plurifica<n>tur

128 2131 238 2167 vires
265 2131 599 2176 apprehensivae
627 2133 667 2168 et
700 2132 823 2168 etiam
855 2132 1046 2168 motivae.
1098 2132 1180 2168 Sed
1215 2132 1255 2168 in
1291 2133 1407 2177 parte
1443 2132 1695 2168 intellectiva
1729 2141 1810 2168 una

127 2192 190 2226 est
216 2192 373 2226 tantum
400 2192 718 2236 apprehensiva,
754 2191 912 2228 scilicet
946 2191 1179 2228 intellectus
1212 2191 1432 2236 possibilis.
1482 2191 1587 2237 Ergo
1625 2191 1809 2227 similiter

126 2260 207 2286 una
233 2251 391 2286 tantum
419 2250 494 2286 erit
521 2250 560 2286 ei
585 2251 739 2286 motiva
764 2250 1011 2293 indistincta,
1040 2250 1197 2287 scilicet
1222 2250 1413 2286 voluntas
1440 2249 1663 2286 rationalis.
1702 2249 1807 2296 Ergo

126 2318 209 2345 non
237 2310 301 2345 est
325 2309 381 2345 ibi
407 2309 640 2346 differentia
665 2309 881 2346 irascibilis
910 2311 950 2346 et
977 2309 1307 2355 concupiscibilis
1333 2309 1555 2354 potentiae.

268 2407 358 2439 5—ss
385 2416 472 2440 vere
499 2408 535 2439 et
560 2407 721 2448 proprie]
748 2409 783 2440 et
803 2416 891 2440 vere
911 2408 1059 2448 proprie
1133 2407 1175 2439 22
1204 2406 1359 2445 animae]
1387 2407 1524 2440 formae
1607 2407 1649 2439 24
1678 2405 1807 2447 prima]

128 2469 201 2501 qua
297 2461 338 2493 27
377 2461 620 2511 consensione
660 2460 824 2499 rationis]
863 2461 1126 2500 sussequcione
1168 2460 1358 2500 positionis
1376 2459 1423 2499 (P)
1532 2461 1574 2492 29
1614 2459 1693 2498 nee]
1739 2459 1807 2491 nisi

127 2513 170 2546 33
197 2512 345 2553 motiva]
369 2514 494 2546 notiva
591 2514 633 2546 34
660 2513 965 2554 concupiscibilis]
1002 2513 1038 2551 4-
1070 2515 1105 2545 et

268 2608 280 2630 1
305 2608 379 2641 Lib.
395 2609 433 2641 ΙΙ.
448 2609 550 2641 tract.
568 2608 587 2640 4
605 2606 655 2648 (p.
673 2608 741 2640 53v
756 2609 791 2640 et
806 2609 847 2640 54
861 2606 895 2646 r).
1004 2607 1019 2629 2
1044 2608 1100 2640 PL
1121 2608 1175 2646 41,
1197 2607 1274 2640 409.
1382 2606 1397 2628 3
1421 2607 1460 2646 ΙΙ,
1484 2607 1524 2639 12
1547 2605 1616 2646 [PL
1637 2607 1691 2646 94,
1713 2606 1804 2646 927)-

266 2662 281 2683 4
306 2662 438 2694 Ethica
458 2670 570 2699 nova,
586 2662 606 2694 i.
623 2670 653 2693 e.
674 2661 789 2693 Echio.
805 2661 828 2700 Ι,
847 2662 887 2693 13
903 2660 1157 2700 (Marchesi,
1173 2670 1207 2701 p.
1223 2661 1361 2692 XXXIX
1376 2659 1430 2699 s.).
1458 2660 1616 2692 Docetur
1635 2660 1693 2699 ibi,
1711 2661 1806 2700 quod

127 2715 163 2747 in
192 2716 312 2748 anima
340 2716 498 2747 fortasse
526 2715 571 2747 sit
598 2714 782 2755 quidpiam
802 2715 949 2754 praeter
975 2715 1163 2752 rationem,
1192 2714 1287 2753 quod
1308 2714 1341 2745 ei
1361 2714 1577 2746 adversetur
1597 2722 1639 2745 ac
1658 2714 1806 2745 resistat

129 2769 249 2809 „quod
282 2770 405 2801 tamen
430 2769 539 2800 etiam
565 2768 682 2808 ipsum
708 2768 859 2800 rationis
886 2776 970 2799 esse
996 2767 1181 2807 particeps
1213 2766 1381 2798 videtur.
1404 2792 1411 2798 .
1434 2792 1440 2798 .
1462 2767 1678 2798 continentis
1711 2766 1805 2798 enim

128 2822 257 2854 rationi
278 2822 516 2862 obtemperat.
554 2821 674 2861 Atque
695 2821 803 2853 etiam
823 2821 939 2861 magis
961 2821 1117 2852 fortasse
1138 2820 1173 2851 in
1193 2820 1419 2859 temperante
1440 2828 1482 2851 ac
1504 2819 1585 2851 forti
1606 2819 1804 2851 oboediens

129 2876 201 2914 est;
228 2875 350 2907 omnia
376 2875 469 2907 enim
495 2875 530 2906 in
556 2874 612 2906 his
638 2874 768 2907 rationi
794 2874 1004 2906 consonant.
1047 2873 1139 2904 Esse
1164 2872 1274 2913 igitur
1297 2872 1516 2904 irrationalis
1545 2880 1689 2912 quoque
1714 2872 1805 2903 haec

129 2928 265 2968 duplex
278 2928 439 2966 videtur;
453 2936 537 2960 nam
550 2927 730 2968 vegetalis
744 2927 841 2959 nullo
859 2927 964 2958 modo
985 2935 1065 2958 cum
1086 2926 1225 2958 ratione
1245 2925 1499 2962 communicem
1515 2924 1804 2964 concupiscibilis

129 2981 251 3013 autem
276 2982 311 3012 et
337 2981 482 3012 omnino
509 2980 718 3021 appetibilis
744 2980 929 3020 particeps
955 2979 1106 3011 rationis
1134 2978 1289 3018 quodam
1315 2977 1421 3009 modo
1443 2978 1507 3016 est,
1536 2978 1714 3016 quatenus
1734 2977 1804 3017 ipsi

130 3033 275 3066 oboedit
299 3033 526 3074 imperioque
553 3033 630 3065 eius
657 3031 915 3073 obtemperat.“
968 3030 1073 3070 (Vide
1098 3031 1269 3069 Bonav„
1300 3030 1364 3071 Op.
1393 3039 1491 3062 omn.
1518 3030 1570 3068 ΙΙΙ,
1599 3030 1664 3062 716
1675 3028 1714 3070 6).

269 3085 284 3108 5
309 3086 395 3125 XIX,
424 3086 463 3118 13
493 3084 563 3124 (PL
590 3086 642 3123 41,
670 3086 736 3118 640
762 3095 795 3118 n.
824 3083 868 3124 1).

1836 1211 1884 1249 Β.
1906 1221 1945 1249 a.
