2095 3459
30 820 62 845 10

29 1119 61 1145 15

29 1414 64 1441 20

29 1705 64 1731 25

31 2000 65 2026 30

801 186 972 222 Quaestio
999 187 1038 217 Χ.
1710 184 1754 218 95

81 282 215 326 potest
241 281 367 316 virtus
394 281 570 320 inferior.
599 283 735 326 potest
762 283 802 317 et
829 283 1015 327 superior
1037 283 1076 318 et
1097 292 1178 318 non
1201 284 1378 319 econtra.
1416 283 1531 319 Unde
1554 283 1587 319 si
1606 293 1754 319 sensus

80 340 217 385 potest
235 343 540 385 <cognoscere>
561 341 833 385 particularia,
855 343 991 386 potest
1013 343 1052 377 et
1074 342 1314 378 intellectus.
1348 341 1470 378 Cuius
1492 352 1618 378 causa
1638 342 1755 387 quasi

80 399 316 435 necessaria
342 400 595 445 assignatur:
625 400 727 440 Quia
748 410 837 436 cum
859 401 898 436 in
920 401 1029 436 omni
1051 401 1285 445 cognitione
1307 402 1553 437 concurrunt
1573 401 1756 445 potentia

80 458 214 494 activa
242 459 282 494 et
308 459 484 503 passiva,
513 468 688 495 necesse
717 460 781 495 est
807 460 859 500 ut,
887 460 1038 504 quanto
1066 460 1251 504 potentia
1277 469 1535 505 cognoscens
1563 461 1625 496 est
1645 460 1756 504 spiri—

81 517 237 559 tualior,
265 519 377 554 tanto
406 519 534 564 magis
560 519 639 554 ista
665 519 866 554 differant.
917 519 1149 555 Intellectus
1177 519 1295 564 igitur
1322 519 1361 554 in
1389 528 1435 555 se
1463 520 1585 555 habet
1611 520 1756 554 utram-

80 586 159 621 que
182 578 416 621 potentiam,
443 578 619 614 activam
640 578 800 614 ratione
823 578 911 614 eius
933 588 1011 622 quo
1034 579 1107 619 est,
1129 578 1337 622 passivam
1357 578 1516 615 ratione
1539 578 1626 614 eius
1648 579 1755 623 quod

81 637 153 672 est.
205 635 285 672 Sed
314 637 436 672 etiam
463 637 503 672 in
529 637 715 682 potentia
742 637 951 677 sensitiva,
992 646 1097 681 quae
1126 638 1190 673 est
1216 638 1348 673 minus
1376 637 1606 682 spiritualis,
1645 638 1756 680 <est>

80 695 215 731 activa
241 696 435 740 potentia,
463 705 569 741 quae
599 697 660 732 est
683 706 736 732 ex
756 697 872 741 parte
894 696 1066 737 animae,
1095 698 1134 732 et
1153 696 1328 741 passiva,
1356 706 1462 741 quae
1485 698 1548 733 est
1568 706 1621 733 ex
1641 699 1757 742 parte

81 754 234 800 organi.
284 754 332 790 Et
366 755 472 797 ideo,
511 756 607 800 quia
642 765 792 791 sensus
819 765 902 791 non
930 756 993 791 est
1020 756 1109 795 sine
1142 756 1305 791 actione
1345 757 1385 792 et
1420 756 1627 801 passione,
1663 757 1756 792 ideo

81 813 226 850 dicitur
247 823 342 850 esse
364 814 571 850 coniuncti
585 816 609 849 1.
655 814 826 855 Quando
848 816 984 850 autem
1005 814 1150 851 amittit
1177 824 1336 860 corpus,
1363 815 1508 851 amittit
1533 815 1756 860 potentiam

81 873 301 918 passivam.
350 873 455 919 Ergo
485 883 538 909 ex
564 875 661 909 tunc
688 874 842 910 sentire
869 883 951 909 non
978 875 1126 919 potest.
1176 874 1330 910 Dicitur
1355 875 1494 910 tamen
1518 875 1671 911 sentire
1692 875 1756 910 vei

80 932 234 974 videre,
274 932 369 977 quia
407 933 622 978 cognoscit
658 942 727 969 res
763 934 838 969 sub
876 933 1178 969 conditionibus
1205 933 1483 969 materialibus
1511 934 1551 969 et
1576 934 1618 969 ut
1644 943 1758 978 prae-

81 992 234 1027 sentes.
285 991 439 1028 Dicitur
466 992 588 1028 etiam
614 992 839 1037 imaginari,
874 991 916 1027 in
951 993 1147 1036 quantum
1182 992 1394 1038 cognoscit
1424 1001 1493 1028 res
1520 993 1594 1028 sub
1623 993 1759 1029 condi-

80 1049 259 1086 tionibus
299 1051 577 1087 materialibus
618 1052 658 1087 et
695 1052 905 1087 absentes.
955 1051 1068 1087 Haec
1104 1051 1241 1087 dicunt
1275 1052 1328 1087 ad
1364 1052 1606 1088 salvandum
1633 1053 1760 1088 verba

82 1110 354 1146 sanctorum2.
406 1110 486 1146 Sed
514 1120 605 1147 cum
630 1112 746 1147 actus
774 1110 826 1146 sit
851 1120 876 1146 a
902 1110 1097 1155 potentia,
1125 1110 1161 1146 si
1186 1110 1265 1146 ista
1300 1110 1507 1147 sufficiunt
1541 1112 1591 1147 ad
1627 1110 1760 1147 verifi-

82 1168 258 1205 candum
284 1169 413 1205 verba
440 1179 494 1205 ex
520 1170 637 1215 parte
664 1171 779 1206 actus
807 1170 1024 1212 sentiendi,
1064 1169 1271 1206 sufficiunt
1307 1169 1430 1205 etiam
1466 1179 1518 1205 ex
1550 1171 1665 1215 parte
1691 1180 1761 1215 po-

81 1228 248 1264 tentiae.
298 1228 388 1265 Non
415 1230 578 1274 oportet
605 1238 703 1275 ergo
738 1229 876 1265 dicere
912 1229 1138 1274 potentiam
1174 1229 1415 1265 sensitivam
1451 1229 1646 1274 separari,
1686 1230 1759 1265 sed

81 1287 343 1330 intellectum,
382 1288 451 1333 qui
476 1289 615 1333 potest
641 1288 835 1333 quidquid
861 1288 929 1324 illa
954 1289 1109 1333 posset,
1149 1288 1182 1323 si
1209 1289 1471 1333 separaretur
1482 1291 1506 1324 3.
1556 1288 1760 1333 Amplius:

82 1345 183 1382 Cum
209 1347 340 1383 omnis
368 1347 564 1392 potentia,
592 1348 745 1392 quanto
774 1348 825 1383 sit
851 1348 1036 1389 nobilior,
1075 1348 1190 1384 tanto
1229 1348 1319 1392 plus
1346 1348 1470 1384 habet
1506 1349 1556 1384 de
1592 1349 1686 1384 actu
1722 1349 1762 1383 et

83 1405 216 1442 minus
243 1406 294 1441 de
321 1406 516 1451 potentia,
553 1406 587 1442 si
612 1406 749 1443 anima
775 1407 974 1443 sensitiva
999 1407 1124 1443 habet
1150 1407 1305 1442 tantum
1333 1407 1558 1451 potentiam
1585 1407 1759 1443 activam

83 1465 123 1501 et
149 1474 233 1501 non
258 1466 487 1510 potentiam
512 1466 732 1511 passivam.
773 1476 864 1502 cum
890 1466 1030 1511 passio
1059 1466 1110 1501 sit
1137 1475 1162 1502 a
1187 1466 1369 1505 materia,
1409 1466 1583 1502 nobilior
1620 1467 1683 1502 est
1722 1467 1762 1502 et

82 1524 387 1561 immaterialior
411 1525 598 1570 potentia
624 1525 825 1561 sensitiva
850 1534 971 1570 quam
997 1524 1259 1561 intellectiva.

223 1584 406 1629 Amplius
434 1594 589 1630 quaero
618 1585 668 1621 de
695 1584 833 1621 anima
860 1584 1061 1620 sensitiva
1086 1584 1127 1620 in
1154 1593 1339 1629 corpore,
1379 1594 1431 1620 an
1468 1584 1603 1629 aliquo
1639 1585 1761 1620 modo

81 1642 254 1688 recipiat
279 1643 320 1679 in
347 1653 393 1679 se
421 1644 584 1688 species
612 1645 682 1680 aut
707 1644 863 1679 tantum
892 1645 1001 1680 stent
1026 1644 1068 1679 in
1097 1642 1284 1689 organo?
1335 1643 1376 1679 Si
1401 1643 1572 1688 recipiat
1598 1644 1761 1689 species

82 1701 124 1737 in
150 1711 206 1744 se,
235 1712 333 1748 ergo
359 1703 485 1739 habet
510 1702 552 1739 in
579 1713 624 1739 se
653 1703 880 1748 potentiam
905 1703 1130 1748 passivam;
1171 1702 1207 1738 si
1241 1712 1324 1739 non
1358 1702 1530 1748 recipiat
1565 1703 1606 1738 in
1634 1712 1690 1744 se,
1718 1725 1761 1729 —

83 1761 245 1797 contra:
274 1761 414 1797 Omnis
442 1762 628 1806 operatio
657 1771 763 1807 quae
792 1763 855 1798 est
881 1762 1093 1807 potentiae
1116 1762 1290 1803 activae,
1318 1763 1382 1798 est
1402 1763 1453 1798 ab
1475 1761 1612 1807 aliqua
1631 1761 1763 1797 forma

82 1819 336 1864 perficiente.
381 1819 481 1856 Cum
502 1830 600 1866 ergo
621 1821 808 1866 potentia
825 1821 964 1857 activa
984 1821 1036 1856 sit
1057 1821 1284 1857 secundum
1303 1821 1417 1866 ipsos
1438 1820 1566 1866 ipsius
1588 1821 1761 1860 animae,

83 1879 246 1923 oportet
273 1880 381 1924 quod
407 1880 497 1924 ipsa
524 1879 765 1916 Informetur
792 1880 944 1925 specie.
994 1879 1041 1915 Et
1061 1880 1140 1916 hoc
1160 1881 1226 1916 vel
1248 1880 1459 1925 receptive
1480 1880 1547 1916 vel
1570 1879 1765 1916 transfor—

82 1938 245 1974 mative.
294 1938 343 1974 Et
368 1939 404 1975 si
428 1939 518 1981 hoc,
546 1940 670 1975 habet
695 1939 827 1984 ipsam
853 1939 1081 1984 potentiam
1107 1939 1364 1984 <passivam>
1385 1939 1490 1975 sicut
1516 1939 1555 1974 et
1575 1939 1763 1975 activam.

83 1996 236 2043 <Ergo>
264 1998 387 2034 etiam
404 2000 417 2041 Η
437 1999 640 2043 separata.

224 2057 474 2102 Respondeo
501 2057 622 2103 igitur
648 2058 802 2099 dicens,
831 2058 939 2102 quod
967 2058 1001 2094 si
1027 2057 1258 2093 intellectus
1284 2057 1396 2093 solus
1419 2058 1644 2102 separatur,
1675 2057 1763 2093 solo

85 2125 131 2151 se
159 2116 374 2163 cognoscit
400 2116 538 2153 omnia
563 2117 835 2162 particularia.
887 2116 1005 2157 Quod
1031 2117 1144 2161 patet
1170 2116 1315 2161 triplici
1337 2117 1517 2152 ratione:
1544 2116 1642 2152 Tum
1671 2116 1766 2160 quia

226 2234 255 2271 6¹²
273 2238 357 2279 quo]
385 2248 457 2279 qua
553 2239 595 2271 22
622 2238 810 2278 sensitiva]
837 2239 956 2272 activa

86 2366 153 2398 per
179 2359 335 2391 activam
362 2359 397 2390 et
416 2358 603 2398 passivam
623 2356 802 2398 (Metaph.
819 2357 875 2396 IV,
893 2357 934 2389 12
951 2354 1004 2399 [V‚
1020 2358 1109 2389 text.
1126 2355 1211 2396 17])‚
1236 2364 1391 2388 necesse
1412 2357 1478 2395 est,
1505 2356 1574 2388 ista
1597 2356 1764 2394 differre;

87 2420 212 2444 verum
238 2413 359 2444 tamen
385 2411 582 2444 secundum
608 2411 742 2452 gradus
769 2411 916 2443 maioris
943 2412 978 2442 et
1003 2411 1152 2442 minoris
1179 2409 1420 2449 simplicitatis
1445 2410 1481 2441 et
1500 2409 1764 2449 spiritualitatis

86 2465 222 2497 habent
246 2465 420 2497 maiorem
446 2465 482 2496 et
513 2465 687 2496 minorem
723 2464 974 2497 differentiam.
1025 2463 1249 2495 Intellectiva
1280 2471 1448 2502 namque,
1487 2470 1553 2502 pro
1588 2470 1632 2494 eo
1669 2461 1765 2501 quod

89 2519 145 2551 est
170 2518 392 2558 spiritualior
417 2519 453 2550 et
488 2518 714 2556 abstractior,
750 2517 859 2549 habet
894 2518 1083 2556 utramque
1118 2516 1328 2556 potentiam,
1368 2524 1462 2555 quae
1498 2515 1647 2555 respicit
1682 2514 1765 2546 sub-

89 2571 259 2604 stantiam
295 2571 530 2612 spiritualem,
566 2571 617 2602 ita
652 2570 748 2610 quod
780 2570 900 2602 activa
935 2570 991 2601 est
1024 2569 1165 2601 ratione
1200 2569 1314 2609 ipsius
1351 2577 1422 2609 quo
1448 2569 1514 2606 est,
1553 2568 1588 2599 et
1614 2567 1764 2607 passiva

88 2624 229 2656 ratione
254 2624 370 2665 ipsius
398 2624 493 2664 quod
520 2624 584 2662 est,
612 2623 750 2655 scilicet
776 2623 950 2655 materiae
977 2622 1013 2654 et
1039 2622 1188 2654 formae.
1215 2638 1259 2642 -—
1284 2621 1323 2653 In
1349 2621 1512 2661 potentia
1537 2621 1657 2652 autem
1683 2628 1764 2652 sen-

90 2677 208 2717 sitiva,
237 2686 331 2717 quae
357 2678 413 2709 est
438 2677 555 2709 minus
582 2676 791 2716 spiritualis,
819 2676 939 2707 activa
964 2675 1128 2715 potentia
1154 2675 1210 2706 est
1236 2683 1283 2706 ex
1308 2674 1413 2713 parte
1440 2673 1592 2712 animae,
1621 2673 1656 2704 et
1681 2681 1764 2712 pas-

90 2731 170 2763 siva
196 2739 243 2762 ex
270 2737 426 2772 organo;
465 2731 500 2762 et
534 2729 628 2768 ideo,
668 2729 753 2768 quia
785 2737 916 2760 sensus
948 2737 1020 2760 non
1047 2728 1103 2759 est
1128 2728 1206 2759 sine
1233 2727 1374 2759 actione
1401 2727 1436 2759 et
1461 2726 1644 2766 passione,
1683 2725 1764 2757 ideo

90 2783 227 2816 sentire
253 2783 381 2816 dicitur
408 2791 492 2816 esse
518 2782 683 2822 operatio
709 2781 900 2813 coniuncti.
950 2781 993 2812 Et
1017 2781 1157 2818 iterum,
1196 2788 1275 2811 cum
1311 2779 1431 2811 activa
1462 2778 1549 2810 nihil
1575 2779 1661 2819 agat
1687 2778 1765 2809 sine

90 2836 258 2877 passiva;
285 2837 321 2868 et
347 2836 491 2876 quando
517 2836 637 2868 anima
663 2834 791 2867 amittit
817 2842 961 2873 corpus,
995 2833 1123 2865 amittit
1149 2832 1335 2873 passivam
1361 2832 1531 2871 respectu
1557 2832 1658 2863 actus
1684 2839 1766 2862 sen-

90 2889 221 2922 tiendi:
260 2890 342 2922 ideo
368 2889 594 2929 impossibile
621 2888 687 2927 est,
730 2887 825 2927 quod
851 2887 973 2926 aliquo
1000 2894 1109 2918 sensu
1137 2886 1266 2924 utatur,
1302 2885 1381 2916 sive
1407 2884 1567 2916 interiori
1594 2883 1671 2915 sive
1704 2891 1766 2914 ex-

91 2943 224 2982 teriori,
252 2943 422 2983 quamdiu
448 2943 504 2974 est
529 2940 734 2982 separata.“

232 2994 245 3017 1
269 2995 322 3027 De
346 2994 487 3027 Anima
511 2995 535 3034 Ι,
563 2994 582 3026 4
609 2992 712 3033 (text.
740 2991 809 3031 64).

231 3047 246 3069 2
272 3048 342 3080 Cir.
367 3048 538 3086 Bonav„
565 3047 585 3079 l.
613 3055 642 3078 c.
671 3046 760 3078 1046
779 3046 812 3078 b.
956 3043 971 3065 3
995 3044 1048 3076 Ib.
1075 3043 1113 3083 II,
1141 3043 1183 3075 24
1204 3043 1236 3075 b.

1781 2010 1843 2042 rol.
1872 2010 1942 2042 291·
1954 2009 1974 2039 b
