2095 3459
329 203 394 237 136
839 202 1016 234 Johannis
1043 202 1210 234 Pechami
1236 201 1486 238 Quaestiones.

327 300 425 336 Item
452 298 653 335 dividatur
679 298 879 335 medietas
911 298 952 333 in
979 297 1199 334 mediatem
1230 297 1270 332 in
1309 297 1459 341 puncto
1486 297 1530 332 B.
1582 296 1662 331 Aer
1697 295 1816 341 igitur
1841 295 1996 331 intrans

327 368 401 403 per
427 359 655 394 extremum
690 357 918 393 tabularum
952 357 1022 392 aut
1056 357 1120 392 est
1146 356 1263 391 simul
1298 355 1339 390 in
1371 355 1404 390 Α
1433 355 1538 391 etin
1564 355 1608 396 B,
1644 354 1714 390 aut
1749 353 1997 389 successive.

328 417 369 453 Si
396 416 524 458 simul,
552 426 650 462 ergo
678 416 797 452 simul
834 418 895 451 est
921 416 962 451 in
990 415 1164 451 diversis
1189 414 1290 450 locis
1319 415 1360 450 et
1385 414 1426 449 in
1454 414 1601 450 eodem
1626 414 1811 457 tempore
1821 420 1829 454 ;
1855 412 1889 447 si
1915 421 1997 447 non

329 476 456 516 simul,
485 485 585 521 ergo
613 475 724 520 prius
751 476 936 519 tempore
965 475 1028 510 est
1054 474 1094 509 in
1120 474 1155 510 B
1180 482 1301 518 quam
1327 472 1368 508 in
1393 472 1438 508 A.
1487 471 1593 517 Ergo
1620 480 1693 516 pro
1720 471 1786 506 illo
1813 471 1997 515 tempore

329 536 393 571 est
418 534 602 570 vacuitas
628 534 669 570 in
695 534 740 570 A.
792 532 908 573 Quod
931 534 994 569 est
1014 532 1277 578 impossibile.
1298 535 1304 540 “
1327 531 1511 567 Necesse
1532 531 1596 567 est
1617 539 1715 575 ergo
1731 529 1868 565 dicere
1889 528 1998 573 quod

329 593 380 629 sit
406 593 524 629 simul
549 593 589 629 in
615 593 648 629 A
675 593 716 628 et
741 592 781 627 in
808 592 851 628 B.

464 652 496 687 8.
524 651 623 687 Item
650 651 684 686 si
711 660 859 695 corpus
892 649 1114 696 gloriosum
1145 650 1333 685 movetur
1366 648 1407 684 in
1434 649 1630 693 tempore,
1663 655 1863 692 ponamus
1890 645 1999 690 quod

329 710 556 746 descendat
594 710 634 746 in
679 710 864 746 centrum
901 718 975 754 per
1007 708 1269 745 velocitatem
1302 717 1417 743 suam
1432 709 1456 743 1.
1505 706 1605 742 Item
1651 714 1851 751 ponamus
1890 704 1999 749 quod

329 768 555 805 descendat
574 768 738 813 aliquod
758 776 885 813 grave
906 767 947 803 in
968 767 1144 803 eandem
1163 767 1321 811 partem
1340 766 1464 811 longe
1483 765 1649 807 tardius,
1671 764 1789 809 quasi
1801 763 1842 799 in
1863 763 2000 799 centu-

329 828 437 872 plato
465 828 661 872 tempore.
710 825 815 872 Ergo
855 826 890 862 si
926 826 1182 870 centupletur
1216 825 1343 861 virtus
1380 824 1528 870 gravis,
1563 824 1684 860 aucta
1720 814 1920 868 gravitate
1958 821 1998 856 in

330 885 573 930 centuplum,
606 885 848 930 aequabitur
873 894 1000 930 grave
1027 884 1287 920 descendens
1320 884 1398 929 ipsi
1434 883 1595 928 corpori
1619 881 1799 928 glorioso
1825 880 1866 916 in
1891 880 2001 916 velo-

330 945 451 981 citate
479 946 623 986 motus,
650 944 729 980 nisi
756 944 888 980 subito
916 944 1141 980 moveatur.
1190 943 1315 979 Immo
1343 942 1378 979 si
1404 941 1678 987 dupl<ic>atur
1708 940 1836 976 virtus
1862 939 1999 985 gravis

331 1013 454 1049 super
469 1003 617 1040 dictam
630 1003 885 1049 gravitatem,
902 1003 1023 1047 duplo
1041 1002 1157 1038 citius
1172 1001 1299 1038 fertur
1313 1011 1435 1047 quam
1448 1001 1582 1046 ipsum
1597 1009 1744 1045 corpus
1767 998 1999 1044 gloriosum.

468 1063 500 1098 9.
527 1061 626 1098 Item
653 1062 687 1097 si
713 1061 830 1107 quies
869 1063 933 1098 est
970 1061 1011 1097 in
1049 1061 1217 1097 instanti
1242 1060 1490 1101 naturaliter,
1523 1068 1621 1105 ergo
1649 1059 1690 1094 et
1715 1058 1860 1094 motus„
1908 1056 2001 1092 Pro-

329 1120 439 1157 batio
456 1121 710 1166 assumptae:
736 1120 845 1156 Inter
861 1120 1066 1165 quoslibet
1086 1120 1189 1156 duos
1210 1120 1344 1155 motus
1365 1118 1593 1155 contrarios
1615 1118 1679 1153 est
1699 1116 1815 1162 quies
1829 1115 1965 1152 media
1975 1118 1999 1151 2.

329 1179 433 1225 Ergo
461 1179 496 1215 si
521 1179 684 1224 aliquod
720 1188 847 1224 grave
884 1180 1098 1214 moveatur
1136 1187 1307 1219 sursum,
1342 1177 1448 1213 inter
1478 1178 1631 1213 motum
1658 1176 1746 1212 eius
1773 1182 1934 1211 sursum
1961 1175 2002 1210 et

331 1239 524 1274 deorsum
551 1238 626 1274 erit
652 1237 768 1283 quies
796 1238 942 1274 media.
992 1237 1082 1273 Non
1114 1237 1193 1273 nisi
1218 1237 1305 1279 <in>
1331 1236 1509 1273 instanti.
1559 1235 1664 1281 Ergo
1699 1235 1773 1271 etc.
1812 1233 1999 1270 Probatio

331 1297 439 1342 quod
465 1306 548 1333 non
575 1297 653 1333 nisi
678 1297 719 1332 in
746 1296 929 1332 instanti:
958 1295 1061 1337 Quia
1087 1297 1181 1332 dum
1207 1296 1438 1332 dominatur
1462 1295 1590 1331 virtus
1620 1293 1843 1330 violentiae
1878 1301 2002 1338 super

332 1356 570 1397 naturalem,
585 1355 773 1392 ascendit
795 1363 941 1401 grave;
969 1365 1059 1392 cum
1080 1356 1217 1391 autem
1238 1355 1469 1391 dominatur
1494 1354 1622 1390 virtus
1652 1352 1847 1389 naturalis
1878 1361 2002 1397 super

331 1414 577 1456 violentiam,
605 1414 830 1450 descendit.
879 1414 984 1460 Ergo
1021 1414 1056 1450 si
1091 1414 1264 1459 quiescit
1301 1413 1342 1449 in
1377 1413 1524 1455 medio,
1550 1422 1633 1449 non
1659 1411 1832 1457 quiescit
1857 1411 1936 1447 nisi
1961 1411 2002 1446 in

331 1473 633 1518 adaequatione
660 1474 830 1509 duarum
856 1474 1057 1509 virtutum.
1108 1473 1361 1518 Adaequatio
1388 1473 1525 1509 autem
1550 1471 1630 1508 ista
1655 1480 1739 1507 non
1765 1471 1829 1506 est
1860 1469 1937 1505 nisi
1961 1469 2003 1505 in

330 1532 509 1573 instanti,
537 1542 627 1568 cum
653 1542 734 1568 una
760 1532 955 1568 continuo
983 1533 1152 1573 crescat,
1181 1533 1221 1568 et
1246 1532 1376 1568 altera
1401 1531 1595 1567 continuo
1623 1529 1847 1566 decrescat.
1896 1528 2001 1574 Ergo

332 1600 409 1627 nec
436 1590 564 1636 quies.

473 1650 525 1685 10.
552 1649 894 1695 Respondebatur
920 1650 1030 1695 quod
1049 1649 1223 1695 quiescit
1241 1659 1370 1695 grave
1390 1649 1523 1685 adhuc
1538 1648 1774 1684 dominante
1794 1646 2002 1684 violentia.

333 1709 407 1745 sed
435 1718 518 1744 non
545 1709 585 1744 in
611 1709 777 1750 tantum,
805 1710 847 1745 ut
872 1709 1005 1754 possit
1030 1717 1198 1745 movere
1226 1717 1397 1744 sursum.

472 1766 639 1803 Contra:
665 1767 904 1812 Aequalitas
924 1768 992 1804 vel
1011 1767 1297 1804 uniformitatis
1318 1777 1402 1803 non
1423 1767 1486 1803 est
1511 1766 1552 1802 in
1579 1765 1741 1806 effectu,
1767 1764 1847 1801 nisi
1866 1766 2001 1801 stante

334 1826 607 1863 uniformitate
644 1826 685 1862 in
721 1836 856 1863 causa.
912 1826 1030 1863 Unde
1068 1828 1235 1872 propter
1272 1827 1351 1862 hoc
1394 1826 1528 1862 motus
1566 1824 1770 1860 violentus
1809 1823 2002 1860 continue

335 1885 566 1922 debilitatur
586 1886 620 1921 si
639 1885 835 1922 violentia
855 1885 1047 1922 continue
1075 1885 1317 1921 diminuitur.
1356 1884 1487 1927 <Talis
1507 1885 1644 1920 autem
1665 1882 1870 1924 violentia,
1897 1892 2003 1928 quae

335 1944 526 1980 continue
553 1944 819 1987 diminuitur),
845 1954 928 1980 non
954 1945 1092 1989 potest
1112 1945 1264 1980 habere
1285 1943 1602 1979 uniformitatem
1622 1942 1688 1979 vel
1714 1941 2004 1987 aequalitatem

333 2003 375 2041 in
402 2002 563 2039 effectu.
614 2003 694 2040 Sed
730 2003 846 2048 quies
883 2004 946 2039 est
985 2002 1157 2039 effectus
1195 2002 1418 2039 uniformis.
1470 2002 1652 2043 Quiescit
1678 2001 1786 2037 enim
1820 2001 1929 2046 quod
1956 2010 2002 2037 se

335 2062 459 2098 habet
484 2072 592 2098 nunc
627 2063 669 2098 ut
701 2062 812 2107 prius
826 2065 850 2098 ³.
900 2062 1005 2108 Ergo
1041 2062 1294 2108 impossibile
1331 2063 1394 2098 est
1431 2061 1632 2097 virtutem.
1668 2070 1774 2105 quae
1810 2060 2003 2096 continue

335 2121 577 2162 diminuitur,
605 2120 796 2157 sufficere
824 2122 874 2157 ad
901 2121 1133 2158 faciendam
1159 2121 1338 2167 quietem
1364 2121 1597 2157 violentam.

475 2181 528 2215 11.
554 2179 654 2216 Item
681 2181 836 2217 certum
872 2181 935 2216 est
961 2180 1080 2225 quod,
1117 2180 1302 2225 quamvis
1335 2180 1406 2216 ae'r
1440 2180 1480 2216 in
1516 2180 1655 2226 specie
1689 2179 1797 2216 aeris
1832 2188 2003 2217 manens

335 2238 466 2283 possit
491 2238 687 2280 rarefieri‚
714 2240 851 2275 tamen
879 2240 1015 2275 certus
1044 2240 1107 2275 est
1132 2239 1249 2276 limes
1270 2238 1555 2275 rarefactionis
1582 2248 1694 2281 suae,
1722 2248 1842 2284 quam
1868 2240 2005 2284 potest

336 2298 488 2334 habere
516 2307 688 2334 manens
716 2298 756 2334 in
793 2298 932 2343 specie
969 2298 1088 2334 a'eris.
1138 2297 1185 2333 Et
1219 2298 1342 2344 longe
1382 2298 1446 2333 est
1480 2297 1608 2333 maior
1634 2297 1780 2333 raritas
1807 2297 2003 2334 materiae

336 2357 376 2392 in
404 2357 542 2401 specie
568 2357 686 2402 ignis.
713 2379 756 2383 —-
783 2357 986 2393 Ponamus
1025 2357 1147 2403 igitur
1181 2357 1290 2402 quod
1321 2357 1393 2393 aer
1427 2357 1722 2393 transmutetur
1752 2356 1794 2392 in
1828 2356 1966 2402 ignem
1979 2359 2003 2392 4.

337 2415 499 2451 Certum
521 2417 583 2452 est
609 2417 717 2461 quod
738 2424 868 2461 usque
894 2417 947 2452 ad
967 2416 1233 2452 mutationem
1256 2415 1385 2461 ipsam
1406 2416 1581 2452 subitam
1600 2415 1879 2461 generationis
1900 2416 2005 2461 ignis

337 2484 389 2510 ex
416 2475 525 2516 aere,
563 2475 735 2511 materia
772 2475 880 2511 aeris
918 2476 1057 2511 manet
1094 2475 1135 2511 in
1174 2475 1305 2520 spatio
1338 2474 1496 2516 minori,
1535 2484 1655 2520 quam
1687 2475 1800 2510 tanta
1833 2475 2005 2511 materia

338 2535 616 2578 occup<ar>et‚
644 2534 679 2570 si
706 2535 819 2570 esset
858 2535 932 2570 sub
964 2534 1096 2570 forma
1122 2534 1285 2580 <ignis>.
1335 2534 1379 2570 In
1411 2534 1500 2579 ipsa
1530 2534 1667 2570 autem
1698 2533 1922 2569 mutatione
1948 2533 2004 2569 in-

338 2594 556 2629 stantanea
582 2593 710 2635 simul,
747 2603 837 2629 cum
872 2594 1094 2639 generatur
1127 2593 1244 2639 ignis,
1269 2593 1317 2629 fit
1349 2592 1530 2634 materia,
1566 2601 1671 2637 quae
1707 2592 1817 2637 prius
1851 2593 1939 2628 erat
1963 2592 2004 2627 in

337 2651 483 2687 minori
509 2652 652 2697 spatio,
678 2652 720 2688 in
746 2653 919 2698 decuplo
947 2653 1100 2694 maiori,
1128 2662 1218 2689 cum
1244 2662 1349 2688 unus
1376 2651 1549 2698 pugillus
1569 2651 1678 2688 aeris
1704 2651 1835 2688 valeat
1860 2652 2005 2688 decem

478 2769 519 2801 12
546 2768 626 2808 nisi]
652 2769 712 2801 ubi
810 2770 849 2801 14
878 2769 993 2810 quies]
1022 2769 1101 2809 quis
1209 2769 1249 2801 16
1277 2768 1367 2808 eius]
1395 2769 1489 2801 enim
1596 2769 1636 2800 17
1662 2767 1822 2829 msmnff]
1847 2768 1883 2801 in
1908 2763 2005 2808 82¹0)

339 2835 381 2866 24
407 2833 720 2875 Respondebatur]
746 2835 987 2875 respondetur
1011 2835 1069 2867 vel
1094 2834 1286 2874 responsio
1383 2834 1425 2866 32
1452 2832 1659 2872 violentam]
1685 2833 1842 2866 violeum

480 2952 490 2973 ¹
518 2952 572 2985 Ad
598 2953 790 2993 sequentia
814 2953 877 2985 cfr.
903 2953 1046 2991 Arist.‚
1073 2953 1181 2993 Phys.
1209 2952 1264 2991 lV,
1291 2953 1311 2985 8
1337 2951 1422 2992 (11).

478 3004 492 3026 2
519 3006 588 3038 Cir.
614 3006 758 3045 Arist„
785 3005 893 3046 Phys.
921 3006 961 3045 V,
989 3006 1008 3038 6
1035 3004 1096 3045 (8).
1239 3004 1254 3027 3
1278 3005 1420 3038 Ibidem
1446 3004 1501 3044 VI,
1529 3005 1548 3037 8
1574 3004 1657 3045 (13).

479 3057 493 3079 4
518 3058 662 3098 Arist„
689 3059 741 3091 De
767 3059 877 3091 Caelo
903 3059 941 3097 II,
970 3060 999 3091 7.

2021 829 2052 853 10

2023 1129 2052 1153 15

2022 1422 2055 1447 20

2022 1722 2055 1747 25

2022 2017 2056 2042 30

2023 2311 2057 2336 35

2024 2610 2059 2635 40
