2095 3459
817 191 990 228 Quaestio
1017 191 1070 224 111.
1739 187 1784 223 29

724 349 1034 411 Quaestio
1073 349 1172 401 ΙΙΙ.

110 485 349 531 Quaeritur
381 487 528 525 utrum
561 484 775 535 possibile
808 484 876 533 sit,
910 484 955 523 in
987 494 1076 523 uno
1108 483 1288 524 homine
1328 494 1429 523 esse
1468 483 1579 523 duas
1612 482 1784 523 animas

316 557 563 597 secundum
595 566 794 596 errorem
826 555 1149 596 Manichaei
1182 557 1258 594 aut
1291 554 1378 594 alio
1411 555 1544 595 modo
1560 548 1585 594 ¹.

327 658 380 694 Et
405 658 530 703 quod
556 658 679 694 nullo
707 657 845 694 modo
874 657 929 694 sit
954 656 1173 703 possibile
1201 656 1455 693 ostenditur
1481 656 1567 693 sic:
1805 660 1855 696 Α.

73 755 89 781 5
251 749 281 783 1.
309 746 464 783 Dicitur
488 747 591 783 libro
618 746 677 782 De
702 746 1000 783 Ecclesiasticz‘s
1024 746 1304 790 Doymatibus
1331 755 1416 791 cap.
1443 745 1584 782 XIV.2:
1623 744 1784 790 „Neque
1841 767 1843 769 -

109 807 210 843 duas
237 806 395 843 animas
422 807 463 842 in
490 816 572 842 uno
598 806 765 842 homine
794 815 890 842 esse
927 805 1110 848 dicimus,
1149 805 1254 841 sicut
1279 805 1303 841 J
1315 806 1502 842 acobus
1543 806 1584 841 et
1609 804 1677 841 alii
1703 804 1786 850 qui-

110 866 202 903 dam
228 866 532 902 haereticorum
557 866 733 907 tradunt,
773 875 896 902 unam
934 865 1164 907 animalem,
1203 874 1284 910 qua
1318 864 1520 901 animatur
1547 873 1706 909 corpus,
1747 864 1787 900 et

109 926 279 962 alteram
307 925 572 970 spiritualem,
612 934 718 970 quae
745 925 948 961 rationem
973 924 1176 960 ministrat
1186 931 1194 967 ;
1234 924 1309 959 sed
1348 923 1516 959 dicimus
1544 933 1665 960 unam
1693 932 1787 959 ean-

110 985 286 1030 demque
312 984 491 1021 animam
517 984 558 1020 in
585 984 762 1025 homine,
803 993 909 1029 quae
949 992 1097 1028 corpus
1138 993 1213 1019 sua
1239 983 1439 1019 societate
1465 982 1647 1020 vivificat
1674 983 1714 1018 et
1740 991 1786 1018 se

59 1050 90 1077 10
109 1044 241 1090 ipsam
267 1053 342 1080 sua
366 1043 528 1080 ratione
556 1043 768 1088 disponit.“
822 1043 887 1080 Sic
914 1052 1116 1088 expresse
1145 1042 1208 1079 Ge
1221 1053 1280 1078 nn
1292 1042 1397 1078 adii
1422 1042 1699 1087 <capitulum>.

249 1104 281 1139 2.
308 1103 408 1139 Item
435 1103 574 1139 anima
600 1104 664 1139 est
689 1104 806 1139 actus
833 1102 1017 1148 corporis
1046 1103 1087 1138 et
1113 1103 1182 1138 dat
1207 1102 1369 1147 corpori
1396 1111 1491 1138 esse
1516 1101 1786 1147 specificumss.

109 1161 215 1210 Ergo
243 1162 277 1198 si
303 1163 409 1199 duae
437 1162 518 1198 sint
543 1162 717 1204 animae,
745 1162 824 1198 duo
852 1162 1006 1198 dabunt
1032 1171 1139 1198 esse.
1191 1161 1239 1197 Et
1272 1170 1346 1206 per
1373 1170 1636 1206 consequens
1662 1171 1787 1197 unum
1834 1192 1835 1195 ,

111 1232 187 1259 ens
215 1222 291 1258 erit
317 1222 397 1258 dua
424 1222 555 1258 entia:
596 1223 636 1258 et
674 1222 754 1258 duo
793 1221 986 1258 animalia
1024 1222 1065 1258 et
1102 1221 1181 1257 duo
1220 1220 1419 1257 homines.
1471 1219 1587 1261 Quod
1621 1221 1684 1257 est
1717 1220 1788 1256 im-

110 1278 309 1328 possibile
320 1284 345 1318 4.

62 1347 94 1372 1⁵
253 1342 286 1378 3.
312 1341 413 1377 Item
439 1351 522 1378 una
547 1341 684 1377 anima
709 1342 761 1377 ad
788 1350 912 1377 unum
939 1350 1087 1385 corpus
1115 1349 1161 1376 se
1200 1340 1324 1376 habet
1362 1340 1467 1375 sicut
1492 1340 1598 1376 duae
1625 1339 1787 1376 animae

112 1401 164 1437 ad
191 1402 272 1437 dua
298 1410 473 1446 corpora
499 1402 541 1436 et
565 1401 836 1446 permutatim.
886 1399 992 1446 Ergo
1020 1401 1125 1436 sicut
1149 1399 1402 1444 impossibile
1430 1400 1493 1435 est
1529 1408 1653 1435 unam
1691 1407 1786 1434 esse

111 1460 290 1496 animam
314 1460 356 1496 in
383 1461 543 1496 duobus
569 1460 821 1505 corporibus,
862 1460 921 1496 sic
960 1460 1062 1495 duas
1102 1468 1198 1495 esse
1233 1459 1392 1495 animas
1428 1459 1468 1494 in
1504 1461 1585 1495 unt)
1613 1467 1787 1503 corpore

113 1520 189 1556 erit
214 1519 480 1565 impossibile.
531 1518 841 1565 Consequentia
865 1519 1083 1564 probatur:
1124 1518 1227 1559 Quia
1266 1518 1679 1554 communicabilioris
1719 1527 1789 1554 ex-

112 1579 305 1616 istentiae
328 1580 392 1615 est
409 1578 542 1615 forma
561 1588 682 1623 quam
702 1578 885 1621 materia,
906 1578 1070 1614 dicente
1084 1577 1232 1614 Philo
1245 1587 1264 1613 s
1278 1587 1335 1623 op
1347 1578 1404 1613 ho
1417 1580 1442 1620 5,
1463 1576 1558 1622 quia
1580 1586 1787 1623 generans

59 1647 93 1673 20
114 1639 155 1675 et
180 1639 423 1685 generatum
449 1639 544 1674 sunt
569 1648 694 1674 unum
719 1638 761 1674 in
786 1637 917 1674 forma
944 1638 984 1674 et
1010 1637 1203 1674 differunt
1227 1637 1269 1673 in
1295 1637 1476 1673 materia.

253 1699 285 1734 4.
310 1697 411 1734 Item
438 1698 473 1733 si
499 1698 592 1733 sunt
618 1698 724 1733 duae
750 1697 924 1739 animae,
962 1697 1032 1733 aut
1066 1696 1185 1732 unius
1222 1696 1378 1741 speciei
1412 1696 1482 1732 aut
1516 1696 1697 1732 duarum.
1748 1695 1789 1731 Si

114 1757 245 1800 unius,
268 1757 399 1793 altera
419 1756 642 1802 superfluit,
663 1756 786 1792 immo
809 1757 849 1793 et
870 1756 1155 1798 excludit<ur>,
1182 1755 1276 1800 quia
1296 1756 1411 1791 actus
1433 1754 1583 1791 dividit.
1635 1754 1676 1791 Si
1696 1755 1789 1790 sunt

115 1816 370 1853 diversarum
391 1816 633 1861 specierum,
656 1825 754 1861 ergo
776 1816 884 1861 quod
905 1824 979 1861 per
1000 1824 1072 1851 eas
1093 1814 1312 1860 perficitur,
1328 1814 1369 1850 in
1391 1814 1547 1850 duabus
1569 1813 1787 1858 speciebus

115 1875 290 1912 diversis
317 1875 586 1912 constituitur.
638 1874 756 1916 Quod
783 1876 847 1911 est
872 1874 1138 1919 impossibile.

62 1943 96 1969 25
254 1936 286 1971 5.
312 1934 413 1970 Item
438 1944 513 1980 per
547 1944 671 1971 unam
702 1935 880 1970 animam
917 1933 1171 1975 rationalem,
1211 1934 1437 1969 secundum
1475 1933 1583 1978 quod
1622 1931 1790 1968 diversi-

117 1994 237 2030 mode
264 1993 449 2036 afficitur,
474 1994 614 2039 potest
638 1994 760 2030 homo
787 1993 926 2029 iacere
953 1994 1105 2029 bonum
1133 1993 1173 2028 et
1200 1992 1359 2028 malum.
1409 1991 1514 2038 Ergo
1540 1990 1789 2036 superfluum

259 2105 301 2138 22
329 2104 544 2143 excluditur]
570 2104 740 2137 excludit.

259 2216 272 2239 1
298 2217 368 2249 Cfr.
395 2217 599 2256 Thomas,
641 2215 774 2255 Quodl.
800 2216 815 2248 I
841 2224 874 2256 q.
901 2216 920 2248 4
959 2214 1040 2255 (art.
1069 2213 1104 2255 6)
1142 2216 1178 2248 et
1218 2214 1351 2254 Quodl.
1385 2214 1446 2247 XII
1484 2224 1516 2256 q.
1553 2215 1572 2248 9
1611 2213 1692 2255 (art.
1721 2213 1789 2254 14).

120 2270 338 2312 Aegidius
363 2270 418 2302 de
442 2269 666 2309 Lessinis‚
699 2269 753 2302 De
787 2266 933 2302 Unitate
957 2269 1133 2307 Formae;
1173 2267 1447 2300 Godeiridus
1480 2268 1532 2301 de
1562 2268 1790 2306 Fontibus,

123 2323 256 2364 Quodl.
275 2323 305 2355 II
325 2332 358 2364 q.
380 2324 398 2355 7
420 2318 470 2365 (p.
492 2321 567 2363 95);
594 2322 780 2364 Sigerus
806 2322 856 2354 de
881 2321 1144 2361 Brabantia‚
1170 2321 1222 2353 De
1246 2321 1453 2353 Erroribus
1473 2321 1792 2362 Philosophorum

120 2377 174 2410 De
193 2376 413 2410 collectione
431 2376 617 2409 Errorum
634 2375 856 2415 Aristotelis,
881 2384 915 2408 n.
937 2373 978 2407 11
1000 2370 1050 2416 (p.
1073 2373 1124 2414 5);
1150 2373 1204 2407 De
1224 2374 1445 2407 Collectione
1469 2374 1655 2407 Errorum
1679 2374 1791 2407 Aver-

120 2431 211 2469 roz's,
248 2439 282 2463 n.
310 2430 352 2462 12
379 2430 415 2462 et
441 2429 483 2462 13
521 2427 571 2470 (p.
598 2429 618 2462 9
653 2430 689 2461 et
716 2427 794 2469 10);
831 2428 1082 2461 Matthaeus
1109 2428 1160 2460 ab
1184 2427 1495 2467 Aquasparta,
1536 2427 1791 2469 Quaestiones,

122 2484 187 2516 Ms.
221 2484 258 2516 in
292 2483 514 2515 bibliotheca
547 2483 743 2515 Tudertina
780 2481 941 2522 (membr.
974 2490 1071 2514 saec.
1102 2481 1187 2514 XIII.
1215 2481 1308 2522 sign.
1341 2480 1396 2520 44,
1422 2481 1482 2513 fol.
1509 2479 1610 2520 200):
1648 2481 1793 2520 „Utrum

123 2536 333 2578 vegetaflva
375 2536 412 2568 et
454 2536 630 2568 sensitiva
673 2535 804 2568 cedant
847 2535 1064 2568 adveniente
1106 2532 1317 2572 rationali“;
1361 2533 1699 2573 Montefortino,
1737 2533 1791 2567 ΙΙΙ,

125 2589 318 2622 481-524.

262 2641 277 2664 2
301 2642 358 2675 PL
383 2642 438 2682 58,
465 2642 532 2675 984
558 2643 595 2674 et
621 2642 720 2680 1021.

263 2694 279 2717 3
302 2696 452 2735 Arist.,
489 2695 543 2727 De
566 2694 708 2728 Anima
732 2694 769 2734 Il,
797 2695 814 2727 1
854 2693 957 2734 (text.
984 2691 1020 2737 6)
1059 2695 1095 2726 et
1130 2694 1183 2726 De
1210 2694 1297 2727 Gen.
1322 2693 1446 2726 Am’m.
1480 2694 1519 2733 ΙΙ,
1547 2693 1584 2732 3;
1621 2693 1677 2725 Ad
1704 2693 1794 2732 „Dat

126 2749 271 2790 corpori
305 2757 388 2781 esse
422 2746 655 2789 specifioum“
694 2748 757 2780 cfr.
789 2747 1017 2788 Porphyr.,
1043 2747 1096 2780 De
1120 2747 1348 2785 Praedicab„
1381 2755 1410 2779 c.
1436 2747 1488 2779 De
1514 2746 1654 2787 specie;
1692 2746 1792 2778 Avi-

127 2811 282 2841 cenna,
308 2802 446 2842 Loyica
470 2801 494 2841 I,
521 2810 551 2834 c.
576 2801 630 2833 De
655 2801 780 2842 specie
807 2801 842 2833 et
866 2800 1031 2841 Metaph.
1057 2800 1098 2839 V,
1126 2800 1163 2838 3;
1198 2799 1428 2839 Boethius,
1455 2800 1490 2831 in
1516 2800 1582 2832 loc.
1609 2799 1666 2832 cit.
1692 2799 1793 2831 Por-

127 2856 249 2897 phyr.
276 2863 400 2887 comm.
428 2855 464 2887 et
487 2854 540 2886 De
563 2854 781 2886 Divisione:
818 2853 964 2893 „Omnis
1000 2854 1095 2886 enim
1127 2853 1270 2893 species
1302 2852 1486 2885 constituit
1511 2851 1637 2890 esse“;
1675 2852 1793 2884 Dom.

130 2907 410 2947 Gundisalvi,
436 2907 489 2939 De
517 2907 661 2940 Unitate
685 2908 720 2939 et
747 2907 846 2940 Uno:
877 2906 1013 2946 „Omne
1051 2906 1143 2938 enim
1183 2914 1269 2938 esse
1308 2914 1355 2938 ex
1392 2905 1508 2938 forma
1546 2904 1621 2938 est“
1661 2903 1711 2945 (p.
1739 2902 1793 2943 3];

129 2962 282 3000 Arist.,
308 2959 471 3001 Metaph.
498 2959 555 2999 VI,
582 2960 624 2992 17
650 2957 744 2999 (VH,
763 2960 846 2992 text:
879 2958 947 2998 60).

268 3012 284 3035 4
308 3013 379 3046 Cir.
404 3013 555 3054 Aegid.
583 3013 633 3045 de
657 3012 858 3045 Lessinis
885 3013 961 3045 111.

269 3066 284 3089 5
308 3065 472 3107 Metaph.
498 3065 555 3105 VI,
583 3065 602 3098 8
629 3060 714 3107 (VII,
740 3066 827 3099 text.
854 3064 923 3105 38).
