2095 3459
319 208 383 242 115
829 208 847 240 Δ
854 208 1006 241 ohannis
1034 208 1200 239 l’ccliaini
1228 207 1479 248 Quaestiones.

455 307 486 340 (5.
514 304 576 340 Ad
604 305 765 341 sextum
793 304 1010 340 dicendum
1037 304 1144 348 quod
1172 302 1227 340 ibi
1253 303 1329 339 erit
1354 303 1465 339 visus
1499 303 1539 339 in
1571 305 1663 339 actu
1689 304 1988 349 perfectissimo

317 366 356 399 et
383 364 546 408 quidam
573 363 640 399 alii
667 365 853 399 sensus¹.
905 363 985 399 Sed
1013 362 1177 407 species
1204 363 1243 398 in
1272 372 1396 398 sensu
1422 363 1589 407 recepta
1614 363 1723 398 nullo
1750 363 1871 399 modo
1895 364 1990 409 aget

315 423 365 458 ad
395 422 578 467 corporis
606 422 672 458 vel
699 422 843 467 organi
868 421 1109 458 laesionem.
1161 421 1277 461 Quod
1304 421 1411 457 enim
1438 421 1544 457 actio
1565 421 1734 458 visibilis
1762 422 1802 457 in
1822 421 1913 458 visu
1939 421 1990 458 sit

316 481 520 521 dolorosa,
560 481 752 525 provenit
779 490 832 516 ex
859 480 1109 517 hebetudine
1138 490 1298 521 sensus,
1337 481 1444 516 unde
1472 481 1641 517 verbum
1676 480 1990 526 Philosophi2

316 540 424 585 quod
451 540 558 576 actio
586 539 757 576 viSibilis
784 540 825 575 in
852 540 944 576 visu
971 540 1023 575 sit
1048 539 1298 585 generaliter
1333 539 1384 575 de
1419 549 1573 585 genere
1609 540 1773 580 doloris,
1814 540 1991 576 creditur
2009 545 2026 570 5

317 609 412 634 csse
451 598 608 634 falsum.
671 599 788 639 Quod
834 599 942 635 enim
983 598 1244 634 excessivum
1284 598 1479 634 sensibile
1518 599 1691 644 generet
1728 599 1912 635 dolorem
1949 598 1990 634 in

317 658 470 698 occulo,
510 658 701 703 provenit
739 667 793 693 ex
830 658 1152 703 improportione
1190 657 1396 693 sensibilis
1432 657 1484 693 ad
1510 667 1689 694 sensum.
1738 657 1827 705 Non
1854 659 1989 693 autem

318 717 510 761 sequitur,
547 717 581 752 si
608 717 1014 762 improportionabile
1040 718 1214 762 generat
1239 716 1433 756 dolorem
1468 716 1576 761 quod
1603 716 1798 752 sensibile
1825 725 1991 761 propor—

317 775 512 811 tionabile
541 776 662 812 etiam
690 778 863 821 generet
890 776 1085 812 dolorem.

457 835 488 870 7
516 834 577 870 Ad
606 835 822 879 septimum
850 835 1066 870 dicendum
1094 835 1202 879 quod
1229 844 1302 879 per
1336 835 1430 870 illud
1467 835 1750 880 argumentum
1786 805 1990 879 probatur,
2013 844 2044 869 10

318 894 426 938 quod
454 893 715 938 corruptibile
743 903 817 938 per
843 896 1027 930 naturam
1059 903 1264 938 nunquam
1283 893 1356 929 fiet
1376 893 1680 938 incorruptibile
1700 902 1774 937 per
1795 893 1991 929 naturam

318 952 397 988 Sed
435 962 518 988 non
554 952 747 997 sequitur,
788 953 884 997 quin
921 952 1052 997 possit
1087 951 1175 987 fieri
1212 951 1515 997 incorruptibile
1552 961 1625 996 per
1657 952 1820 987 modum
1854 960 1992 996 super-

317 1011 555 1047 naturalem.

457 1071 489 1105 8.
516 1070 579 1106 Ad
606 1071 795 1107 octavum
823 1071 1051 1109 dicendum.
1080 1073 1121 1106 ut
1147 1072 1297 1106 tactum
1325 1071 1423 1106 estss.

457 1129 489 1164 9.
516 1128 577 1165 Ad
605 1139 757 1165 nonum
779 1129 996 1165 dicendum
1017 1139 1091 1174 per
1111 1129 1480 1174 interemptionem.
1521 1129 1732 1171 Quoniam,
1759 1138 1849 1165 cum
1870 1128 1991 1165 homo
2014 1142 2045 1168 15

319 1188 359 1223 et
396 1187 569 1233 angelus
610 1187 800 1224 differant
836 1198 911 1233 per
948 1188 1148 1224 rationale
1183 1188 1223 1224 et
1257 1188 1547 1229 intellectuale,
1585 1188 1707 1224 homo
1746 1189 1884 1224 tamen
1920 1197 1994 1233 per

317 1246 488 1291 gloriam
513 1246 559 1282 fit
585 1247 872 1283 intellectualis
910 1249 950 1283 et
985 1247 1168 1292 aequalis
1206 1247 1481 1292 expeditionis
1520 1247 1560 1283 in
1598 1246 1863 1293 intelligendo
1904 1257 1994 1283 cum

317 1305 476 1351 angelis
514 1307 740 1342 secundum
776 1306 1117 1352 Augustinum,
1151 1305 1249 1341 XIX.
1275 1306 1334 1341 De
1367 1306 1591 1342 Trinitatem
1617 1305 1841 1342 dicentem:
1882 1306 1994 1349 „For-

318 1364 453 1405 tassis,
492 1364 631 1409 inquit.
670 1375 752 1401 non
790 1366 908 1401 erunt
934 1365 1135 1401 volubiles
1172 1374 1291 1401 meae
1328 1364 1598 1410 cogitationes
1634 1365 1685 1401 ab
1721 1365 1810 1401 aliis
1842 1365 1883 1400 in
1915 1364 1995 1401 alia

319 1424 465 1459 euntes
492 1425 616 1469 atque
642 1423 897 1460 redeuntes?
948 1423 1182 1460 Secundum
1218 1432 1381 1459 omnem
1417 1423 1664 1459 sententiam
1697 1424 1880 1459 nostram
1912 1433 1994 1459 uno
2013 1435 2048 1461 20

319 1482 436 1518 simul
465 1484 690 1528 conspectu
718 1483 981 1519 videbimus.“

460 1542 513 1577 10.
549 1542 611 1578 Ad
648 1542 849 1578 decimum
885 1542 1103 1578 dicendum
1131 1542 1239 1586 quod
1266 1551 1347 1577 non
1377 1550 1440 1586 est
1466 1541 1608 1578 simile.
1660 1540 1764 1581 Quia
1789 1541 1995 1585 incorrup-

319 1600 429 1637 tibile
457 1601 585 1637 totum
613 1602 676 1637 est
701 1596 1020 1646 incorruptibile,
1049 1602 1089 1637 et
1114 1601 1208 1637 ideo
1236 1610 1318 1636 non
1347 1601 1483 1645 potest
1507 1600 1597 1636 fieri
1618 1600 1890 1648 corruptibile,
1916 1599 1996 1636 nisi

320 1661 445 1695 tntum
473 1661 778 1701 transmutetur,
805 1660 900 1705 quia
920 1660 1030 1696 nullo
1052 1660 1174 1696 modo
1196 1660 1333 1695 natum
1357 1660 1420 1695 est
1439 1660 1490 1695 ad
1513 1658 1826 1704 corruptionem.
1864 1659 1993 1695 Homo

318 1719 455 1754 autem
483 1720 708 1755 secundum
735 1719 887 1764 aliquid
915 1719 978 1755 est
1004 1718 1277 1763 corruptibilis
1318 1719 1358 1754 et
1395 1719 1503 1754 totus
1542 1719 1662 1754 natus
1700 1719 1750 1754 ad
1790 1718 1995 1762 incorrup-
2015 1729 2049 1754 25

318 1777 472 1813 tionem
491 1777 651 1813 ratione
673 1778 847 1814 animae.
897 1778 944 1813 Et
963 1778 1058 1814 ideo
1080 1777 1237 1814 obtinet
1257 1777 1605 1822 incorruptionem
1625 1786 1698 1822 per
1724 1777 1996 1821 complemen-

319 1837 402 1871 tum
430 1836 612 1872 naturae.
663 1836 763 1872 Item
789 1837 1096 1882 incorruptibile
1124 1836 1220 1872 dicit
1245 1836 1426 1872 habitum
1451 1836 1779 1881 inseparabilem.

460 1896 513 1930 11.
540 1894 602 1931 Ad
630 1895 890 1931 undecimum
917 1896 1155 1932 dicendum:
1195 1895 1313 1936 Quod
1349 1905 1479 1940 genus
1514 1896 1577 1931 est
1603 1894 1799 1931 variabile
1827 1903 1901 1939 per
1926 1894 1997 1930 dif-

317 1954 515 1990 ferentias
543 1954 781 1995 contrarias,
810 1955 874 1990 est
900 1955 951 1990 de
972 1954 1156 1990 bonitate
1177 1954 1354 1999 generis.
1394 1953 1473 1989 Sed
1496 1962 1568 1998 pro
1591 1954 1698 1989 statu
1718 1952 1994 1989 mutabilitatis

319 2013 468 2054 mundi,
494 2022 577 2048 non
604 2014 741 2049 autem
768 2023 840 2058 pro
869 2014 977 2049 statu
1003 2013 1153 2057 plenae
1181 2012 1557 2048 consummationis.
2014 2022 2048 2048 30

462 2072 515 2106 12.
542 2071 603 2107 Ad
638 2072 923 2108 duodecimum
960 2072 1178 2108 dicendum
1217 2071 1325 2116 quod
1364 2071 1536 2116 privatio
1576 2072 1655 2107 duo
1695 2071 1800 2111 dicit,
1840 2070 1997 2107 scilicet

319 2131 543 2166 carentiam
568 2131 725 2166 formae
757 2132 797 2166 et
822 2130 1091 2175 aptitudinem
1112 2131 1163 2166 ad
1185 2140 1287 2166 eam.
1339 2130 1541 2170 Quantum
1562 2130 1681 2175 igitur
1701 2130 1752 2166 ad
1774 2130 1995 2166 carentiam

320 2189 395 2225 erit
421 2189 475 2225 ibi
496 2189 682 2234 privatio,
710 2190 784 2225 sed
806 2190 1002 2234 quantum
1021 2189 1072 2225 ad
1094 2189 1361 2234 aptitudinem
1383 2189 1734 2225 transmutationis
1756 2198 1840 2224 non
1850 2191 1875 2230 5,
1902 2187 1997 2233 quia

320 2248 528 2292 quaelibet
553 2248 608 2284 ibi
633 2248 764 2284 forma
782 2248 1016 2284 terminabit
1037 2258 1137 2284 suae
1160 2248 1356 2284 materiae
1378 2248 1613 2292 appetitum.
1651 2247 1698 2283 Et
1717 2248 1768 2283 ad
1790 2247 1867 2283 hoc
1888 2247 1995 2292 quod

321 2306 425 2347 dicit,
454 2308 561 2351 quod
589 2307 875 2343 transmutatio
903 2307 993 2351 plus
1020 2307 1123 2342 tollit
1158 2317 1278 2352 quam
1313 2306 1573 2348 beatificatio,
1609 2307 1865 2351 respondeo:
1904 2306 1995 2342 Plus
2016 2315 2049 2340 35

320 2366 422 2401 tollit
456 2376 538 2401 uno
575 2366 708 2406 modo,
748 2366 842 2410 quia
877 2367 1005 2401 mutat
1040 2365 1241 2410 speciem.¹
1272 2367 1313 2401 et
1347 2365 1479 2401 minus
1514 2365 1593 2401 alio
1622 2365 1755 2405 modo,
1794 2365 1889 2410 quia
1914 2375 1995 2401 non

321 2425 448 2460 mutat
474 2425 623 2460 statum
651 2424 940 2460 mutabilitatis.

423 2522 432 2527 ‚
463 2485 515 2519 13.
555 2483 615 2518 Ad
655 2483 855 2519 decimum
894 2483 1057 2519 tertium
1097 2483 1312 2519 dicendum
1349 2484 1456 2528 quod
1493 2482 1666 2528 privatio
1703 2483 1765 2518 est
1801 2482 1997 2518 materiae

320 2542 486 2586 propria
522 2542 747 2578 secundum
781 2552 838 2584 se,
879 2542 952 2578 sed
980 2541 1021 2577 in
1048 2542 1124 2577 illis
1152 2542 1391 2587 corporibus
1418 2541 1627 2578 auferetur
1652 2550 1725 2586 per
1751 2541 1997 2585 potestatem

321 2600 487 2645 gloriae.
537 2601 622 2636 Nec
649 2601 803 2642 mirum,
831 2610 922 2636 cum
950 2602 995 2638 et
1016 2600 1188 2636 materia
1214 2600 1317 2636 caeli
1343 2610 1425 2636 non
1454 2600 1667 2636 subiaceat
1693 2600 1921 2644 privationi.
2015 2607 2050 2632 40

463 2699 481 2730 4
509 2697 616 2737 unde]
644 2699 810 2739 probatio
925 2700 944 2731 9
973 2698 1095 2737 etiam]
1128 2699 1246 2731 autem
1362 2699 1403 2730 25
1431 2697 1686 2738 corruptibilis]
1720 2697 1998 2738 incorruptibilis

322 2753 364 2783 28
393 2751 631 2790 undecimum]
660 2752 700 2783 12
799 2751 841 2783 34
870 2751 997 2790 forma]
1027 2750 1064 2789 -ξ-
1094 2760 1165 2783 non

466 2845 477 2866 1
504 2846 595 2878 Vide
622 2855 733 2887 supra
759 2855 843 2887 pag.
873 2846 949 2878 115.
1092 2845 1106 2866 '2
1133 2846 1202 2878 Cir.
1229 2845 1286 2877 hic
1316 2855 1349 2886 p.
1379 2845 1442 2877 110
1469 2846 1540 2877 not.
1569 2845 1599 2877 2.

460 2898 475 2920 ³
501 2898 646 2931 Scilicet
671 2899 723 2931 in:
750 2898 809 2931 Ad
833 2899 1043 2939 septimum..
1188 2897 1201 2919 4
1226 2898 1329 2939 Aug.
1342 2896 1388 2937 (P)
1420 2898 1538 2930 Habet
1568 2898 1689 2939 Hugo
1716 2906 1737 2930 a
1763 2907 1789 2929 s.
1818 2897 1998 2929 Victore

322 2952 439 2984 locum
469 2951 521 2983 De
546 2960 643 2985 sacr.
670 2952 728 2984 lib.
756 2952 794 2990 Il,
822 2961 856 2992 p.
884 2952 1002 2990 XVIII,
1029 2960 1058 2984 c.
1088 2952 1128 2984 19
1156 2949 1226 2990 (PL
1255 2951 1331 2990 176,
1359 2950 1452 2990 616).

462 3004 475 3026 5
501 3005 659 3037 Privatio
676 3017 715 3029 z
732 3005 894 3037 carentia
929 3005 1066 3036 formae
1102 3004 1204 3036 vide:
1242 3004 1351 3043 Phys.
1378 3004 1400 3042 Ι,
1428 3003 1447 3035 7
1461 3010 1467 3042 ;
1507 3003 1662 3043 privatio
1680 3015 1719 3028 z
1737 3003 1899 3043 aptitudo
1934 3002 1996 3034 cir.

323 3056 582 3095 Bacumker,
610 3057 775 3094 Materte,
805 3057 870 3089 218
898 3066 946 3089 ss.
974 3055 1051 3095 (cir.
1080 3056 1215 3095 ibidem
1241 3057 1363 3088 notam
1392 3057 1406 3088 1
1437 3066 1470 3096 p.
1499 3054 1590 3094 218).
