<?xml version="1.0" encoding="UTF-8"?>
<!DOCTYPE html PUBLIC "-//W3C//DTD XHTML 1.0 Transitional//EN"
    "http://www.w3.org/TR/xhtml1/DTD/xhtml1-transitional.dtd">
<html xmlns="http://www.w3.org/1999/xhtml" xml:lang="en" lang="en">
 <head>
  <title>
</title>
<meta http-equiv="Content-Type" content="text/html;charset=utf-8" />
  <meta name='ocr-system' content='tesseract 3.04.00' />
  <meta name='ocr-capabilities' content='ocr_page ocr_carea ocr_par ocr_line ocrx_word'/>
</head>
<body>
  <div class='ocr_page' id='page_1' title='image "./johannispechamiq00peck/johannispechamiq00peck_0106.png"; bbox 0 0 2095 3459; ppageno 0'>
   <div class='ocr_carea' id='block_1_1' title="bbox 290 191 1447 232">
    <p class='ocr_par' dir='ltr' id='par_1_1' title="bbox 290 191 1447 232">
     <span class='ocr_line' id='line_1_1' title="bbox 290 191 1447 232; baseline 0.003 -7"><span class='ocrx_word' id='word_1_1' title='bbox 290 191 334 225; x_wconf 75' lang='lat'>62</span> <span class='ocrx_word' id='word_1_2' title='bbox 801 195 821 227; x_wconf 80' lang='lat' dir='ltr'>J</span> <span class='ocrx_word' id='word_1_3' title='bbox 825 194 977 227; x_wconf 86' lang='lat' dir='ltr'>ohannis</span> <span class='ocrx_word' id='word_1_4' title='bbox 1003 194 1169 228; x_wconf 84' lang='lat' dir='ltr'>Peehami</span> <span class='ocrx_word' id='word_1_5' title='bbox 1196 195 1447 232; x_wconf 87' lang='lat' dir='ltr'>Quaestiones.</span> 
     </span>
    </p>
   </div>
   <div class='ocr_carea' id='block_1_2' title="bbox 79 289 2018 2168">
    <p class='ocr_par' dir='ltr' id='par_1_2' title="bbox 290 289 1958 396">
     <span class='ocr_line' id='line_1_2' title="bbox 291 289 1958 337; baseline 0.001 -12"><span class='ocrx_word' id='word_1_6' title='bbox 291 289 332 326; x_wconf 92' lang='lat' dir='ltr'>Si</span> <span class='ocrx_word' id='word_1_7' title='bbox 357 290 478 336; x_wconf 87' lang='lat' dir='ltr'>igitur</span> <span class='ocrx_word' id='word_1_8' title='bbox 500 290 652 326; x_wconf 87' lang='lat' dir='ltr'>veritas</span> <span class='ocrx_word' id='word_1_9' title='bbox 686 290 746 326; x_wconf 89' lang='lat' dir='ltr'>rei</span> <span class='ocrx_word' id='word_1_10' title='bbox 781 292 844 327; x_wconf 91' lang='lat' dir='ltr'>est</span> <span class='ocrx_word' id='word_1_11' title='bbox 882 300 957 327; x_wconf 89' lang='lat' dir='ltr'>sua</span> <span class='ocrx_word' id='word_1_12' title='bbox 991 292 1230 328; x_wconf 83' lang='lat' dir='ltr'>assimilatio</span> <span class='ocrx_word' id='word_1_13' title='bbox 1268 293 1321 329; x_wconf 91' lang='lat' dir='ltr'>ad</span> <span class='ocrx_word' id='word_1_14' title='bbox 1359 302 1558 329; x_wconf 82' lang='lat' dir='ltr'>summam</span> <span class='ocrx_word' id='word_1_15' title='bbox 1596 292 1821 331; x_wconf 86' lang='lat' dir='ltr'>veritatem,</span> <span class='ocrx_word' id='word_1_16' title='bbox 1861 300 1958 337; x_wconf 92' lang='lat' dir='ltr'>ergo</span> 
     </span>
     <span class='ocr_line' id='line_1_3' title="bbox 290 348 1819 396; baseline 0.001 -12"><span class='ocrx_word' id='word_1_17' title='bbox 290 348 437 384; x_wconf 91' lang='lat' dir='ltr'>nullius</span> <span class='ocrx_word' id='word_1_18' title='bbox 462 348 523 385; x_wconf 90' lang='lat' dir='ltr'>rei</span> <span class='ocrx_word' id='word_1_19' title='bbox 547 348 782 395; x_wconf 88' lang='lat' dir='ltr'>intelligitur</span> <span class='ocrx_word' id='word_1_20' title='bbox 808 349 972 389; x_wconf 83' lang='lat' dir='ltr'>veritas.</span> <span class='ocrx_word' id='word_1_21' title='bbox 1000 350 1078 386; x_wconf 89' lang='lat' dir='ltr'>nisi</span> <span class='ocrx_word' id='word_1_22' title='bbox 1103 350 1170 386; x_wconf 84' lang='lat' dir='ltr'>illa</span> <span class='ocrx_word' id='word_1_23' title='bbox 1197 361 1355 387; x_wconf 89' lang='lat' dir='ltr'>summa</span> <span class='ocrx_word' id='word_1_24' title='bbox 1381 351 1564 387; x_wconf 80' lang='lat' dir='ltr'>essentia</span> <span class='ocrx_word' id='word_1_25' title='bbox 1590 350 1819 396; x_wconf 83' lang='lat' dir='ltr'>attingatur.</span> 
     </span>
    </p>

    <p class='ocr_par' dir='ltr' id='par_1_3' title="bbox 290 407 1995 690">
     <span class='ocr_line' id='line_1_4' title="bbox 428 407 1960 456; baseline 0.001 -13"><span class='ocrx_word' id='word_1_26' title='bbox 428 408 460 443; x_wconf 91' lang='lat'>9.</span> <span class='ocrx_word' id='word_1_27' title='bbox 498 407 598 444; x_wconf 86' lang='lat' dir='ltr'>Item</span> <span class='ocrx_word' id='word_1_28' title='bbox 624 408 977 454; x_wconf 87' lang='lat' dir='ltr'>Philosophusl</span> <span class='ocrx_word' id='word_1_29' title='bbox 1014 410 1109 446; x_wconf 83' lang='lat' dir='ltr'>dicit</span> <span class='ocrx_word' id='word_1_30' title='bbox 1147 410 1197 446; x_wconf 91' lang='lat' dir='ltr'>de</span> <span class='ocrx_word' id='word_1_31' title='bbox 1234 411 1445 447; x_wconf 87' lang='lat' dir='ltr'>intellectu</span> <span class='ocrx_word' id='word_1_32' title='bbox 1481 411 1632 456; x_wconf 86' lang='lat' dir='ltr'>agente</span> <span class='ocrx_word' id='word_1_33' title='bbox 1669 410 1777 454; x_wconf 90' lang='lat' dir='ltr'>quod</span> <span class='ocrx_word' id='word_1_34' title='bbox 1804 411 1867 446; x_wconf 87' lang='lat' dir='ltr'>est</span> <span class='ocrx_word' id='word_1_35' title='bbox 1893 410 1960 445; x_wconf 85' lang='lat' dir='ltr'>ab·</span> 
     </span>
     <span class='ocr_line' id='line_1_5' title="bbox 291 467 1960 513; baseline 0.001 -11"><span class='ocrx_word' id='word_1_36' title='bbox 291 467 477 508; x_wconf 87' lang='lat' dir='ltr'>stractus,</span> <span class='ocrx_word' id='word_1_37' title='bbox 504 477 587 503; x_wconf 92' lang='lat' dir='ltr'>non</span> <span class='ocrx_word' id='word_1_38' title='bbox 613 467 775 509; x_wconf 80' lang='lat' dir='ltr'>mixtus,</span> <span class='ocrx_word' id='word_1_39' title='bbox 814 478 892 504; x_wconf 88' lang='lat' dir='ltr'>nec</span> <span class='ocrx_word' id='word_1_40' title='bbox 918 469 1134 513; x_wconf 83' lang='lat' dir='ltr'>passibilis,</span> <span class='ocrx_word' id='word_1_41' title='bbox 1173 479 1221 505; x_wconf 83' lang='lat' dir='ltr'>ae</span> <span class='ocrx_word' id='word_1_42' title='bbox 1248 470 1311 506; x_wconf 88' lang='lat' dir='ltr'>est</span> <span class='ocrx_word' id='word_1_43' title='bbox 1350 470 1390 505; x_wconf 91' lang='lat' dir='ltr'>in</span> <span class='ocrx_word' id='word_1_44' title='bbox 1419 479 1492 506; x_wconf 90' lang='lat' dir='ltr'>sua</span> <span class='ocrx_word' id='word_1_45' title='bbox 1519 469 1748 505; x_wconf 85' lang='lat' dir='ltr'>substantia</span> <span class='ocrx_word' id='word_1_46' title='bbox 1773 469 1891 510; x_wconf 84' lang='lat' dir='ltr'>aetio,</span> <span class='ocrx_word' id='word_1_47' title='bbox 1920 469 1960 505; x_wconf 90' lang='lat' dir='ltr'>et</span> 
     </span>
     <span class='ocr_line' id='line_1_6' title="bbox 290 526 1995 574; baseline 0.001 -13"><span class='ocrx_word' id='word_1_48' title='bbox 290 526 397 569; x_wconf 87' lang='lat' dir='ltr'>quod</span> <span class='ocrx_word' id='word_1_49' title='bbox 425 534 508 561; x_wconf 89' lang='lat' dir='ltr'>non</span> <span class='ocrx_word' id='word_1_50' title='bbox 535 527 599 562; x_wconf 88' lang='lat' dir='ltr'>est</span> <span class='ocrx_word' id='word_1_51' title='bbox 623 526 664 562; x_wconf 90' lang='lat' dir='ltr'>in</span> <span class='ocrx_word' id='word_1_52' title='bbox 690 528 876 573; x_wconf 90' lang='lat' dir='ltr'>tempore</span> <span class='ocrx_word' id='word_1_53' title='bbox 903 537 1039 572; x_wconf 85' lang='lat' dir='ltr'>neque</span> <span class='ocrx_word' id='word_1_54' title='bbox 1067 529 1312 573; x_wconf 89' lang='lat' dir='ltr'>quandoque</span> <span class='ocrx_word' id='word_1_55' title='bbox 1340 528 1525 574; x_wconf 88' lang='lat' dir='ltr'>intelligit</span> <span class='ocrx_word' id='word_1_56' title='bbox 1551 537 1686 573; x_wconf 90' lang='lat' dir='ltr'>neque</span> <span class='ocrx_word' id='word_1_57' title='bbox 1713 528 1958 572; x_wconf 86' lang='lat' dir='ltr'>quandoque</span> <span class='ocrx_word' id='word_1_58' title='bbox 1979 535 1995 557; x_wconf 61' lang='lat' dir='ltr'>s·</span> 
     </span>
     <span class='ocr_line' id='line_1_7' title="bbox 290 584 1960 633; baseline 0.002 -14"><span class='ocrx_word' id='word_1_59' title='bbox 290 593 371 620; x_wconf 92' lang='lat' dir='ltr'>non</span> <span class='ocrx_word' id='word_1_60' title='bbox 398 584 594 630; x_wconf 90' lang='lat' dir='ltr'>intelligit.</span> <span class='ocrx_word' id='word_1_61' title='bbox 644 585 752 621; x_wconf 89' lang='lat' dir='ltr'>Istae</span> <span class='ocrx_word' id='word_1_62' title='bbox 779 586 1038 623; x_wconf 85' lang='lat' dir='ltr'>conditiones</span> <span class='ocrx_word' id='word_1_63' title='bbox 1065 587 1142 623; x_wconf 89' lang='lat' dir='ltr'>soli</span> <span class='ocrx_word' id='word_1_64' title='bbox 1167 586 1255 623; x_wconf 94' lang='lat' dir='ltr'>Deo</span> <span class='ocrx_word' id='word_1_65' title='bbox 1283 587 1543 623; x_wconf 82' lang='lat' dir='ltr'>conveniunt.</span> <span class='ocrx_word' id='word_1_66' title='bbox 1594 587 1698 633; x_wconf 83' lang='lat' dir='ltr'>Ergo</span> <span class='ocrx_word' id='word_1_67' title='bbox 1733 587 1820 632; x_wconf 85' lang='lat' dir='ltr'>ipse</span> <span class='ocrx_word' id='word_1_68' title='bbox 1848 587 1960 623; x_wconf 88' lang='lat' dir='ltr'>solus</span> 
     </span>
     <span class='ocr_line' id='line_1_8' title="bbox 290 642 1324 690; baseline 0.003 -11"><span class='ocrx_word' id='word_1_69' title='bbox 290 644 354 679; x_wconf 89' lang='lat' dir='ltr'>est</span> <span class='ocrx_word' id='word_1_70' title='bbox 378 642 609 680; x_wconf 86' lang='lat' dir='ltr'>intellectus</span> <span class='ocrx_word' id='word_1_71' title='bbox 634 653 763 690; x_wconf 88' lang='lat' dir='ltr'>agens</span> <span class='ocrx_word' id='word_1_72' title='bbox 793 646 832 680; x_wconf 90' lang='lat' dir='ltr'>et</span> <span class='ocrx_word' id='word_1_73' title='bbox 858 645 1150 682; x_wconf 78' lang='lat' dir='ltr'>intellect1vum</span> <span class='ocrx_word' id='word_1_74' title='bbox 1175 646 1324 683; x_wconf 90' lang='lat' dir='ltr'>lumen.</span> 
     </span>
    </p>

    <p class='ocr_par' dir='ltr' id='par_1_4' title="bbox 288 702 2014 926">
     <span class='ocr_line' id='line_1_9' title="bbox 429 702 1960 751; baseline 0.002 -13"><span class='ocrx_word' id='word_1_75' title='bbox 429 703 483 739; x_wconf 88' lang='lat'>10.</span> <span class='ocrx_word' id='word_1_76' title='bbox 509 702 608 738; x_wconf 87' lang='lat' dir='ltr'>Item</span> <span class='ocrx_word' id='word_1_77' title='bbox 645 702 876 740; x_wconf 85' lang='lat' dir='ltr'>intellectus</span> <span class='ocrx_word' id='word_1_78' title='bbox 912 713 1042 750; x_wconf 86' lang='lat' dir='ltr'>agens</span> <span class='ocrx_word' id='word_1_79' title='bbox 1069 705 1165 741; x_wconf 90' lang='lat' dir='ltr'>nihil</span> <span class='ocrx_word' id='word_1_80' title='bbox 1191 705 1379 751; x_wconf 89' lang='lat' dir='ltr'>intelligit</span> <span class='ocrx_word' id='word_1_81' title='bbox 1404 706 1446 741; x_wconf 92' lang='lat' dir='ltr'>in</span> <span class='ocrx_word' id='word_1_82' title='bbox 1470 705 1665 750; x_wconf 89' lang='lat' dir='ltr'>potentia,</span> <span class='ocrx_word' id='word_1_83' title='bbox 1704 706 1779 742; x_wconf 89' lang='lat' dir='ltr'>sed</span> <span class='ocrx_word' id='word_1_84' title='bbox 1805 706 1960 741; x_wconf 87' lang='lat' dir='ltr'>tantum</span> 
     </span>
     <span class='ocr_line' id='line_1_10' title="bbox 289 761 1960 809; baseline 0.002 -12"><span class='ocrx_word' id='word_1_85' title='bbox 289 761 329 797; x_wconf 90' lang='lat' dir='ltr'>in</span> <span class='ocrx_word' id='word_1_86' title='bbox 356 762 448 797; x_wconf 87' lang='lat' dir='ltr'>actu</span> <span class='ocrx_word' id='word_1_87' title='bbox 476 762 516 797; x_wconf 92' lang='lat' dir='ltr'>et</span> <span class='ocrx_word' id='word_1_88' title='bbox 542 761 679 798; x_wconf 91' lang='lat' dir='ltr'>omnia</span> <span class='ocrx_word' id='word_1_89' title='bbox 705 771 810 807; x_wconf 90' lang='lat' dir='ltr'>quae</span> <span class='ocrx_word' id='word_1_90' title='bbox 837 763 1068 800; x_wconf 84' lang='lat' dir='ltr'>intellectus</span> <span class='ocrx_word' id='word_1_91' title='bbox 1094 764 1303 809; x_wconf 88' lang='lat' dir='ltr'>possibilis</span> <span class='ocrx_word' id='word_1_92' title='bbox 1342 765 1382 800; x_wconf 91' lang='lat' dir='ltr'>in</span> <span class='ocrx_word' id='word_1_93' title='bbox 1421 765 1605 809; x_wconf 88' lang='lat' dir='ltr'>potentia</span> <span class='ocrx_word' id='word_1_94' title='bbox 1616 767 1640 800; x_wconf 74' lang='lat'>².</span> <span class='ocrx_word' id='word_1_95' title='bbox 1690 764 1736 800; x_wconf 91' lang='lat' dir='ltr'>Et</span> <span class='ocrx_word' id='word_1_96' title='bbox 1767 765 1845 800; x_wconf 86' lang='lat' dir='ltr'>hoe</span> <span class='ocrx_word' id='word_1_97' title='bbox 1877 774 1960 800; x_wconf 91' lang='lat' dir='ltr'>non</span> 
     </span>
     <span class='ocr_line' id='line_1_11' title="bbox 289 820 2014 868; baseline 0.002 -13"><span class='ocrx_word' id='word_1_98' title='bbox 289 821 426 865; x_wconf 90' lang='lat' dir='ltr'>potest</span> <span class='ocrx_word' id='word_1_99' title='bbox 452 820 675 857; x_wconf 85' lang='lat' dir='ltr'>convenire</span> <span class='ocrx_word' id='word_1_100' title='bbox 702 821 780 857; x_wconf 88' lang='lat' dir='ltr'>nisi</span> <span class='ocrx_word' id='word_1_101' title='bbox 807 822 883 858; x_wconf 89' lang='lat' dir='ltr'>soli</span> <span class='ocrx_word' id='word_1_102' title='bbox 909 822 1008 858; x_wconf 92' lang='lat' dir='ltr'>Deo.</span> <span class='ocrx_word' id='word_1_103' title='bbox 1059 821 1162 863; x_wconf 86' lang='lat' dir='ltr'>Quia</span> <span class='ocrx_word' id='word_1_104' title='bbox 1199 823 1310 859; x_wconf 90' lang='lat' dir='ltr'>Deus</span> <span class='ocrx_word' id='word_1_105' title='bbox 1350 824 1485 868; x_wconf 86' lang='lat' dir='ltr'>potest</span> <span class='ocrx_word' id='word_1_106' title='bbox 1524 823 1728 860; x_wconf 89' lang='lat' dir='ltr'>hominem</span> <span class='ocrx_word' id='word_1_107' title='bbox 1763 823 1960 864; x_wconf 89' lang='lat' dir='ltr'>revelare,</span> <span class='ocrx_word' id='word_1_108' title='bbox 1983 829 2014 853; x_wconf 81' lang='lat'>10</span> 
     </span>
     <span class='ocr_line' id='line_1_12' title="bbox 288 879 1309 926; baseline 0.002 -11"><span class='ocrx_word' id='word_1_109' title='bbox 288 880 339 915; x_wconf 84' lang='lat' dir='ltr'>ad</span> <span class='ocrx_word' id='word_1_110' title='bbox 367 880 475 924; x_wconf 92' lang='lat' dir='ltr'>quod</span> <span class='ocrx_word' id='word_1_111' title='bbox 502 879 635 916; x_wconf 89' lang='lat' dir='ltr'>nullus</span> <span class='ocrx_word' id='word_1_112' title='bbox 662 879 775 915; x_wconf 92' lang='lat' dir='ltr'>novit</span> <span class='ocrx_word' id='word_1_113' title='bbox 801 880 1051 926; x_wconf 86' lang='lat' dir='ltr'>angelorum.</span> <span class='ocrx_word' id='word_1_114' title='bbox 1100 880 1205 926; x_wconf 85' lang='lat' dir='ltr'>Ergo</span> <span class='ocrx_word' id='word_1_115' title='bbox 1235 882 1309 918; x_wconf 85' lang='lat' dir='ltr'>ete.</span> 
     </span>
    </p>

    <p class='ocr_par' dir='ltr' id='par_1_5' title="bbox 289 938 2015 1223">
     <span class='ocr_line' id='line_1_13' title="bbox 430 938 1962 986; baseline 0.001 -12"><span class='ocrx_word' id='word_1_116' title='bbox 430 940 483 974; x_wconf 88' lang='lat'>11.</span> <span class='ocrx_word' id='word_1_117' title='bbox 523 938 913 975; x_wconf 81' lang='lat' dir='ltr'>Commentator3</span> <span class='ocrx_word' id='word_1_118' title='bbox 940 939 1062 975; x_wconf 86' lang='lat' dir='ltr'>etiam</span> <span class='ocrx_word' id='word_1_119' title='bbox 1090 940 1184 976; x_wconf 87' lang='lat' dir='ltr'>dicit</span> <span class='ocrx_word' id='word_1_120' title='bbox 1210 941 1317 985; x_wconf 92' lang='lat' dir='ltr'>quod</span> <span class='ocrx_word' id='word_1_121' title='bbox 1347 940 1519 976; x_wconf 84' lang='lat' dir='ltr'>scientia</span> <span class='ocrx_word' id='word_1_122' title='bbox 1544 941 1775 977; x_wconf 77' lang='lat' dir='ltr'>intellectus</span> <span class='ocrx_word' id='word_1_123' title='bbox 1801 940 1962 986; x_wconf 88' lang='lat' dir='ltr'>agentis</span> 
     </span>
     <span class='ocr_line' id='line_1_14' title="bbox 289 996 1961 1045; baseline 0.002 -12"><span class='ocrx_word' id='word_1_124' title='bbox 289 996 329 1033; x_wconf 91' lang='lat' dir='ltr'>in</span> <span class='ocrx_word' id='word_1_125' title='bbox 355 998 449 1033; x_wconf 87' lang='lat' dir='ltr'>actu</span> <span class='ocrx_word' id='word_1_126' title='bbox 477 998 623 1034; x_wconf 88' lang='lat' dir='ltr'>eadem</span> <span class='ocrx_word' id='word_1_127' title='bbox 650 999 713 1033; x_wconf 89' lang='lat' dir='ltr'>est</span> <span class='ocrx_word' id='word_1_128' title='bbox 740 1007 830 1034; x_wconf 85' lang='lat' dir='ltr'>eum</span> <span class='ocrx_word' id='word_1_129' title='bbox 856 1007 900 1034; x_wconf 94' lang='lat' dir='ltr'>re</span> <span class='ocrx_word' id='word_1_130' title='bbox 934 998 1045 1034; x_wconf 83' lang='lat' dir='ltr'>scita.</span> <span class='ocrx_word' id='word_1_131' title='bbox 1104 998 1224 1035; x_wconf 88' lang='lat' dir='ltr'>Item:</span> <span class='ocrx_word' id='word_1_132' title='bbox 1263 1008 1393 1045; x_wconf 87' lang='lat' dir='ltr'>agens</span> <span class='ocrx_word' id='word_1_133' title='bbox 1430 1000 1493 1035; x_wconf 92' lang='lat' dir='ltr'>est</span> <span class='ocrx_word' id='word_1_134' title='bbox 1531 1009 1635 1045; x_wconf 90' lang='lat' dir='ltr'>pura</span> <span class='ocrx_word' id='word_1_135' title='bbox 1671 1000 1813 1036; x_wconf 60' lang='lat' dir='ltr'>actim.</span> <span class='ocrx_word' id='word_1_136' title='bbox 1863 1000 1961 1036; x_wconf 91' lang='lat' dir='ltr'>Item</span> 
     </span>
     <span class='ocr_line' id='line_1_15' title="bbox 290 1056 1960 1104; baseline 0.002 -12"><span class='ocrx_word' id='word_1_137' title='bbox 290 1066 413 1101; x_wconf 87' lang='lat' dir='ltr'>super</span> <span class='ocrx_word' id='word_1_138' title='bbox 433 1056 542 1092; x_wconf 89' lang='lat' dir='ltr'>illam</span> <span class='ocrx_word' id='word_1_139' title='bbox 562 1057 885 1102; x_wconf 88' lang='lat' dir='ltr'>propositionem</span> <span class='ocrx_word' id='word_1_140' title='bbox 913 1056 1076 1101; x_wconf 88' lang='lat' dir='ltr'>„Omnis</span> <span class='ocrx_word' id='word_1_141' title='bbox 1097 1058 1233 1094; x_wconf 89' lang='lat' dir='ltr'>anima</span> <span class='ocrx_word' id='word_1_142' title='bbox 1253 1058 1400 1094; x_wconf 91' lang='lat' dir='ltr'>nobilis</span> <span class='ocrx_word' id='word_1_143' title='bbox 1422 1059 1545 1095; x_wconf 92' lang='lat' dir='ltr'>habet</span> <span class='ocrx_word' id='word_1_144' title='bbox 1565 1060 1649 1095; x_wconf 90' lang='lat' dir='ltr'>tres</span> <span class='ocrx_word' id='word_1_145' title='bbox 1677 1059 1960 1104; x_wconf 89' lang='lat' dir='ltr'>operationes“</span> 
     </span>
     <span class='ocr_line' id='line_1_16' title="bbox 290 1115 2015 1163; baseline 0.002 -12"><span class='ocrx_word' id='word_1_146' title='bbox 290 1115 384 1151; x_wconf 88' lang='lat' dir='ltr'>dicit</span> <span class='ocrx_word' id='word_1_147' title='bbox 410 1115 775 1152; x_wconf 77' lang='lat' dir='ltr'>Commentator</span> <span class='ocrx_word' id='word_1_148' title='bbox 800 1116 881 1159; x_wconf 89' lang='lat' dir='ltr'>&lt;de</span> <span class='ocrx_word' id='word_1_149' title='bbox 909 1117 1126 1159; x_wconf 79' lang='lat' dir='ltr'>causis&gt;5</span> <span class='ocrx_word' id='word_1_150' title='bbox 1152 1118 1260 1162; x_wconf 90' lang='lat' dir='ltr'>quod</span> <span class='ocrx_word' id='word_1_151' title='bbox 1286 1118 1423 1154; x_wconf 87' lang='lat' dir='ltr'>anima</span> <span class='ocrx_word' id='word_1_152' title='bbox 1449 1118 1572 1154; x_wconf 86' lang='lat' dir='ltr'>sciret</span> <span class='ocrx_word' id='word_1_153' title='bbox 1597 1128 1671 1163; x_wconf 91' lang='lat' dir='ltr'>per</span> <span class='ocrx_word' id='word_1_154' title='bbox 1690 1119 1880 1155; x_wconf 91' lang='lat' dir='ltr'>virtutem</span> <span class='ocrx_word' id='word_1_155' title='bbox 1906 1118 1963 1154; x_wconf 84' lang='lat' dir='ltr'>in·</span> <span class='ocrx_word' id='word_1_156' title='bbox 1984 1123 2015 1148; x_wconf 85' lang='lat'>15</span> 
     </span>
     <span class='ocr_line' id='line_1_17' title="bbox 289 1174 1963 1223; baseline 0.002 -13"><span class='ocrx_word' id='word_1_157' title='bbox 289 1174 550 1221; x_wconf 87' lang='lat' dir='ltr'>telligentiae,</span> <span class='ocrx_word' id='word_1_158' title='bbox 578 1185 683 1220; x_wconf 87' lang='lat' dir='ltr'>quae</span> <span class='ocrx_word' id='word_1_159' title='bbox 712 1176 776 1211; x_wconf 89' lang='lat' dir='ltr'>est</span> <span class='ocrx_word' id='word_1_160' title='bbox 801 1176 841 1211; x_wconf 76' lang='lat' dir='ltr'>In</span> <span class='ocrx_word' id='word_1_161' title='bbox 866 1176 967 1221; x_wconf 88' lang='lat' dir='ltr'>ipsa.</span> <span class='ocrx_word' id='word_1_162' title='bbox 1017 1176 1122 1222; x_wconf 86' lang='lat' dir='ltr'>Ergo</span> <span class='ocrx_word' id='word_1_163' title='bbox 1148 1177 1274 1213; x_wconf 88' lang='lat' dir='ltr'>multo</span> <span class='ocrx_word' id='word_1_164' title='bbox 1301 1177 1431 1223; x_wconf 89' lang='lat' dir='ltr'>magis</span> <span class='ocrx_word' id='word_1_165' title='bbox 1457 1187 1527 1222; x_wconf 85' lang='lat' dir='ltr'>per</span> <span class='ocrx_word' id='word_1_166' title='bbox 1553 1178 1743 1214; x_wconf 90' lang='lat' dir='ltr'>virtutem</span> <span class='ocrx_word' id='word_1_167' title='bbox 1774 1177 1963 1213; x_wconf 90' lang='lat' dir='ltr'>divinam.</span> 
     </span>
    </p>

    <p class='ocr_par' dir='ltr' id='par_1_6' title="bbox 290 1234 1963 1341">
     <span class='ocr_line' id='line_1_18' title="bbox 430 1234 1963 1281; baseline 0.002 -12"><span class='ocrx_word' id='word_1_168' title='bbox 430 1234 483 1269; x_wconf 83' lang='lat'>12.</span> <span class='ocrx_word' id='word_1_169' title='bbox 515 1234 615 1270; x_wconf 87' lang='lat' dir='ltr'>Item</span> <span class='ocrx_word' id='word_1_170' title='bbox 641 1234 774 1271; x_wconf 90' lang='lat' dir='ltr'>omnis</span> <span class='ocrx_word' id='word_1_171' title='bbox 801 1244 925 1271; x_wconf 85' lang='lat' dir='ltr'>eausa</span> <span class='ocrx_word' id='word_1_172' title='bbox 949 1235 1143 1281; x_wconf 86' lang='lat' dir='ltr'>primaria</span> <span class='ocrx_word' id='word_1_173' title='bbox 1168 1236 1259 1281; x_wconf 88' lang='lat' dir='ltr'>plus</span> <span class='ocrx_word' id='word_1_174' title='bbox 1291 1235 1422 1272; x_wconf 81' lang='lat' dir='ltr'>influit</span> <span class='ocrx_word' id='word_1_175' title='bbox 1454 1246 1578 1281; x_wconf 92' lang='lat' dir='ltr'>super</span> <span class='ocrx_word' id='word_1_176' title='bbox 1604 1238 1815 1272; x_wconf 82' lang='lat' dir='ltr'>causatum</span> <span class='ocrx_word' id='word_1_177' title='bbox 1842 1246 1963 1281; x_wconf 89' lang='lat' dir='ltr'>quam</span> 
     </span>
     <span class='ocr_line' id='line_1_19' title="bbox 290 1293 1850 1341; baseline 0.001 -12"><span class='ocrx_word' id='word_1_178' title='bbox 290 1302 417 1329; x_wconf 84' lang='lat' dir='ltr'>causa</span> <span class='ocrx_word' id='word_1_179' title='bbox 442 1293 659 1329; x_wconf 72' lang='lat' dir='ltr'>secundass.</span> <span class='ocrx_word' id='word_1_180' title='bbox 708 1293 813 1340; x_wconf 87' lang='lat' dir='ltr'>Ergo</span> <span class='ocrx_word' id='word_1_181' title='bbox 840 1295 965 1331; x_wconf 92' lang='lat' dir='ltr'>multo</span> <span class='ocrx_word' id='word_1_182' title='bbox 991 1295 1123 1341; x_wconf 85' lang='lat' dir='ltr'>magis</span> <span class='ocrx_word' id='word_1_183' title='bbox 1149 1295 1431 1341; x_wconf 88' lang='lat' dir='ltr'>intelligit&lt;ur&gt;</span> <span class='ocrx_word' id='word_1_184' title='bbox 1457 1296 1497 1331; x_wconf 90' lang='lat' dir='ltr'>in</span> <span class='ocrx_word' id='word_1_185' title='bbox 1526 1296 1674 1332; x_wconf 92' lang='lat' dir='ltr'>virtute</span> <span class='ocrx_word' id='word_1_186' title='bbox 1703 1295 1850 1332; x_wconf 89' lang='lat' dir='ltr'>divina.</span> 
     </span>
    </p>

    <p class='ocr_par' dir='ltr' id='par_1_7' title="bbox 287 1352 2017 1755">
     <span class='ocr_line' id='line_1_20' title="bbox 429 1352 1964 1399; baseline 0.001 -11"><span class='ocrx_word' id='word_1_187' title='bbox 429 1353 482 1389; x_wconf 88' lang='lat'>13.</span> <span class='ocrx_word' id='word_1_188' title='bbox 521 1352 621 1389; x_wconf 88' lang='lat' dir='ltr'>Item</span> <span class='ocrx_word' id='word_1_189' title='bbox 659 1352 1022 1390; x_wconf 86' lang='lat' dir='ltr'>Commentator</span> <span class='ocrx_word' id='word_1_190' title='bbox 1069 1364 1192 1399; x_wconf 89' lang='lat' dir='ltr'>super</span> <span class='ocrx_word' id='word_1_191' title='bbox 1239 1354 1315 1391; x_wconf 87' lang='lat' dir='ltr'>VH.</span> <span class='ocrx_word' id='word_1_192' title='bbox 1353 1354 1622 1391; x_wconf 82' lang='lat' dir='ltr'>Ethieorum7.</span> <span class='ocrx_word' id='word_1_193' title='bbox 1687 1355 1878 1398; x_wconf 89' lang='lat' dir='ltr'>„Animus</span> <span class='ocrx_word' id='word_1_194' title='bbox 1924 1357 1964 1391; x_wconf 87' lang='lat' dir='ltr'>et</span> 
     </span>
     <span class='ocr_line' id='line_1_21' title="bbox 288 1408 2016 1459; baseline 0.002 -13"><span class='ocrx_word' id='word_1_195' title='bbox 288 1410 539 1447; x_wconf 85' lang='lat' dir='ltr'>irrationalia</span> <span class='ocrx_word' id='word_1_196' title='bbox 564 1408 755 1448; x_wconf 80' lang='lat' dir='ltr'>animalia</span> <span class='ocrx_word' id='word_1_197' title='bbox 782 1412 1021 1449; x_wconf 85' lang='lat' dir='ltr'>naturaliter</span> <span class='ocrx_word' id='word_1_198' title='bbox 1047 1413 1200 1449; x_wconf 89' lang='lat' dir='ltr'>habent</span> <span class='ocrx_word' id='word_1_199' title='bbox 1225 1413 1376 1459; x_wconf 86' lang='lat' dir='ltr'>aliquid</span> <span class='ocrx_word' id='word_1_200' title='bbox 1404 1414 1585 1450; x_wconf 92' lang='lat' dir='ltr'>divinum</span> <span class='ocrx_word' id='word_1_201' title='bbox 1611 1414 1651 1450; x_wconf 92' lang='lat' dir='ltr'>in</span> <span class='ocrx_word' id='word_1_202' title='bbox 1672 1414 1822 1459; x_wconf 89' lang='lat' dir='ltr'>seipsis</span> <span class='ocrx_word' id='word_1_203' title='bbox 1844 1414 1963 1450; x_wconf 91' lang='lat' dir='ltr'>semi·</span> <span class='ocrx_word' id='word_1_204' title='bbox 1981 1418 2016 1443; x_wconf 75' lang='lat'>‘20</span> 
     </span>
     <span class='ocr_line' id='line_1_22' title="bbox 289 1470 1965 1519; baseline 0.004 -15"><span class='ocrx_word' id='word_1_205' title='bbox 289 1471 428 1505; x_wconf 88' lang='lat' dir='ltr'>natum</span> <span class='ocrx_word' id='word_1_206' title='bbox 455 1470 496 1505; x_wconf 85' lang='lat' dir='ltr'>et</span> <span class='ocrx_word' id='word_1_207' title='bbox 521 1470 700 1506; x_wconf 90' lang='lat' dir='ltr'>divinam</span> <span class='ocrx_word' id='word_1_208' title='bbox 726 1472 930 1516; x_wconf 89' lang='lat' dir='ltr'>quandam</span> <span class='ocrx_word' id='word_1_209' title='bbox 956 1472 1243 1518; x_wconf 70' lang='lat' dir='ltr'>refulgentiam</span> <span class='ocrx_word' id='word_1_210' title='bbox 1281 1474 1322 1509; x_wconf 92' lang='lat' dir='ltr'>et</span> <span class='ocrx_word' id='word_1_211' title='bbox 1349 1476 1604 1519; x_wconf 86' lang='lat' dir='ltr'>cognoscunt</span> <span class='ocrx_word' id='word_1_212' title='bbox 1642 1473 1805 1518; x_wconf 89' lang='lat' dir='ltr'>quidem</span> <span class='ocrx_word' id='word_1_213' title='bbox 1832 1474 1965 1510; x_wconf 79' lang='lat' dir='ltr'>deleo-</span> 
     </span>
     <span class='ocr_line' id='line_1_23' title="bbox 290 1528 1965 1578; baseline 0.003 -14"><span class='ocrx_word' id='word_1_214' title='bbox 290 1528 412 1564; x_wconf 89' lang='lat' dir='ltr'>tabile</span> <span class='ocrx_word' id='word_1_215' title='bbox 451 1529 645 1574; x_wconf 89' lang='lat' dir='ltr'>optimum</span> <span class='ocrx_word' id='word_1_216' title='bbox 685 1540 780 1566; x_wconf 89' lang='lat' dir='ltr'>esse</span> <span class='ocrx_word' id='word_1_217' title='bbox 820 1540 910 1567; x_wconf 91' lang='lat' dir='ltr'>eam</span> <span class='ocrx_word' id='word_1_218' title='bbox 946 1541 1051 1576; x_wconf 91' lang='lat' dir='ltr'>quae</span> <span class='ocrx_word' id='word_1_219' title='bbox 1090 1541 1144 1568; x_wconf 90' lang='lat' dir='ltr'>ex</span> <span class='ocrx_word' id='word_1_220' title='bbox 1177 1532 1325 1568; x_wconf 90' lang='lat' dir='ltr'>virtute</span> <span class='ocrx_word' id='word_1_221' title='bbox 1364 1532 1677 1577; x_wconf 86' lang='lat' dir='ltr'>operationem.“</span> <span class='ocrx_word' id='word_1_222' title='bbox 1734 1532 1846 1569; x_wconf 88' lang='lat' dir='ltr'>Haec</span> <span class='ocrx_word' id='word_1_223' title='bbox 1881 1533 1965 1578; x_wconf 89' lang='lat' dir='ltr'>phi-</span> 
     </span>
     <span class='ocr_line' id='line_1_24' title="bbox 288 1587 1964 1637; baseline 0.003 -14"><span class='ocrx_word' id='word_1_224' title='bbox 288 1587 461 1632; x_wconf 92' lang='lat' dir='ltr'>losophi.</span> <span class='ocrx_word' id='word_1_225' title='bbox 510 1588 592 1624; x_wconf 88' lang='lat' dir='ltr'>Ista</span> <span class='ocrx_word' id='word_1_226' title='bbox 618 1588 755 1625; x_wconf 88' lang='lat' dir='ltr'>divina</span> <span class='ocrx_word' id='word_1_227' title='bbox 780 1589 1036 1636; x_wconf 76' lang='lat' dir='ltr'>refulgentia,</span> <span class='ocrx_word' id='word_1_228' title='bbox 1069 1591 1104 1627; x_wconf 89' lang='lat' dir='ltr'>si</span> <span class='ocrx_word' id='word_1_229' title='bbox 1130 1592 1194 1627; x_wconf 88' lang='lat' dir='ltr'>est</span> <span class='ocrx_word' id='word_1_230' title='bbox 1218 1590 1342 1634; x_wconf 84' lang='lat' dir='ltr'>Deus,</span> <span class='ocrx_word' id='word_1_231' title='bbox 1376 1592 1439 1628; x_wconf 90' lang='lat' dir='ltr'>est</span> <span class='ocrx_word' id='word_1_232' title='bbox 1463 1601 1556 1628; x_wconf 89' lang='lat' dir='ltr'>una.</span> <span class='ocrx_word' id='word_1_233' title='bbox 1605 1591 1710 1637; x_wconf 91' lang='lat' dir='ltr'>Ergo</span> <span class='ocrx_word' id='word_1_234' title='bbox 1749 1592 1860 1628; x_wconf 89' lang='lat' dir='ltr'>Deus</span> <span class='ocrx_word' id='word_1_235' title='bbox 1899 1592 1964 1628; x_wconf 82' lang='lat' dir='ltr'>hic</span> 
     </span>
     <span class='ocr_line' id='line_1_25' title="bbox 287 1647 1965 1697; baseline 0.003 -15"><span class='ocrx_word' id='word_1_236' title='bbox 287 1647 518 1683; x_wconf 84' lang='lat' dir='ltr'>intellectus</span> <span class='ocrx_word' id='word_1_237' title='bbox 558 1648 632 1689; x_wconf 83' lang='lat' dir='ltr'>est,</span> <span class='ocrx_word' id='word_1_238' title='bbox 671 1648 766 1693; x_wconf 89' lang='lat' dir='ltr'>quia</span> <span class='ocrx_word' id='word_1_239' title='bbox 803 1649 927 1685; x_wconf 88' lang='lat' dir='ltr'>solius</span> <span class='ocrx_word' id='word_1_240' title='bbox 966 1649 1199 1686; x_wconf 87' lang='lat' dir='ltr'>intellectus</span> <span class='ocrx_word' id='word_1_241' title='bbox 1227 1652 1290 1687; x_wconf 85' lang='lat' dir='ltr'>est</span> <span class='ocrx_word' id='word_1_242' title='bbox 1317 1660 1573 1697; x_wconf 86' lang='lat' dir='ltr'>cognoscere</span> <span class='ocrx_word' id='word_1_243' title='bbox 1600 1651 1642 1687; x_wconf 93' lang='lat' dir='ltr'>in</span> <span class='ocrx_word' id='word_1_244' title='bbox 1669 1651 1861 1696; x_wconf 87' lang='lat' dir='ltr'>operibus</span> <span class='ocrx_word' id='word_1_245' title='bbox 1888 1651 1965 1686; x_wconf 89' lang='lat' dir='ltr'>vir-</span> 
     </span>
     <span class='ocr_line' id='line_1_26' title="bbox 287 1706 2017 1755; baseline 0.003 -14"><span class='ocrx_word' id='word_1_246' title='bbox 287 1707 426 1742; x_wconf 91' lang='lat' dir='ltr'>tutum.</span> <span class='ocrx_word' id='word_1_247' title='bbox 476 1706 524 1742; x_wconf 93' lang='lat' dir='ltr'>Et</span> <span class='ocrx_word' id='word_1_248' title='bbox 548 1706 615 1743; x_wconf 91' lang='lat' dir='ltr'>ille</span> <span class='ocrx_word' id='word_1_249' title='bbox 641 1707 958 1744; x_wconf 85' lang='lat' dir='ltr'>indeterminate</span> <span class='ocrx_word' id='word_1_250' title='bbox 984 1709 1155 1745; x_wconf 87' lang='lat' dir='ltr'>videtur.</span> <span class='ocrx_word' id='word_1_251' title='bbox 1204 1709 1310 1755; x_wconf 89' lang='lat' dir='ltr'>Ergo</span> <span class='ocrx_word' id='word_1_252' title='bbox 1337 1710 1378 1746; x_wconf 92' lang='lat' dir='ltr'>in</span> <span class='ocrx_word' id='word_1_253' title='bbox 1405 1710 1593 1746; x_wconf 90' lang='lat' dir='ltr'>omnibus</span> <span class='ocrx_word' id='word_1_254' title='bbox 1631 1711 1694 1746; x_wconf 90' lang='lat' dir='ltr'>est</span> <span class='ocrx_word' id='word_1_255' title='bbox 1725 1710 1962 1755; x_wconf 87' lang='lat' dir='ltr'>aequaliter.</span> <span class='ocrx_word' id='word_1_256' title='bbox 1983 1714 2017 1739; x_wconf 79' lang='lat'>25</span> 
     </span>
    </p>

    <p class='ocr_par' dir='ltr' id='par_1_8' title="bbox 429 1765 1964 1814">
     <span class='ocr_line' id='line_1_27' title="bbox 429 1765 1964 1814; baseline 0.003 -13"><span class='ocrx_word' id='word_1_257' title='bbox 429 1766 483 1801; x_wconf 90' lang='grc'>14.</span> <span class='ocrx_word' id='word_1_258' title='bbox 519 1765 618 1802; x_wconf 91' lang='lat' dir='ltr'>Item</span> <span class='ocrx_word' id='word_1_259' title='bbox 644 1766 780 1802; x_wconf 88' lang='lat' dir='ltr'>anima</span> <span class='ocrx_word' id='word_1_260' title='bbox 806 1766 918 1803; x_wconf 88' lang='lat' dir='ltr'>videt</span> <span class='ocrx_word' id='word_1_261' title='bbox 943 1768 1159 1804; x_wconf 86' lang='lat' dir='ltr'>veritatem</span> <span class='ocrx_word' id='word_1_262' title='bbox 1184 1768 1303 1804; x_wconf 91' lang='lat' dir='ltr'>huius</span> <span class='ocrx_word' id='word_1_263' title='bbox 1330 1769 1643 1814; x_wconf 86' lang='lat' dir='ltr'>propositionis:</span> <span class='ocrx_word' id='word_1_264' title='bbox 1679 1768 1809 1805; x_wconf 88' lang='lat' dir='ltr'>Omne</span> <span class='ocrx_word' id='word_1_265' title='bbox 1836 1770 1964 1805; x_wconf 92' lang='lat' dir='ltr'>totum</span> 
     </span>
    </p>

    <p class='ocr_par' dir='ltr' id='par_1_9' title="bbox 79 1824 2018 2046">
     <span class='ocr_line' id='line_1_28' title="bbox 79 1824 1963 1873; baseline 0.001 -10"><span class='ocrx_word' id='word_1_266' title='bbox 79 1831 141 1863; x_wconf 77' lang='lat' dir='ltr'>fol.</span> <span class='ocrx_word' id='word_1_267' title='bbox 164 1831 267 1863; x_wconf 58' lang='lat'>24²7&gt;</span> <span class='ocrx_word' id='word_1_268' title='bbox 289 1825 351 1860; x_wconf 89' lang='lat' dir='ltr'>est</span> <span class='ocrx_word' id='word_1_269' title='bbox 372 1824 501 1860; x_wconf 89' lang='lat' dir='ltr'>maius</span> <span class='ocrx_word' id='word_1_270' title='bbox 523 1835 598 1861; x_wconf 86' lang='lat' dir='ltr'>sua</span> <span class='ocrx_word' id='word_1_271' title='bbox 622 1826 750 1870; x_wconf 90' lang='lat' dir='ltr'>parte.</span> <span class='ocrx_word' id='word_1_272' title='bbox 788 1830 875 1862; x_wconf 90' lang='lat' dir='ltr'>Non</span> <span class='ocrx_word' id='word_1_273' title='bbox 893 1829 906 1869; x_wconf 83' lang='grc' dir='ltr'>Η</span> <span class='ocrx_word' id='word_1_274' title='bbox 924 1827 1036 1863; x_wconf 90' lang='lat' dir='ltr'>videt</span> <span class='ocrx_word' id='word_1_275' title='bbox 1061 1827 1180 1863; x_wconf 86' lang='lat' dir='ltr'>istam</span> <span class='ocrx_word' id='word_1_276' title='bbox 1207 1827 1247 1863; x_wconf 91' lang='lat' dir='ltr'>in</span> <span class='ocrx_word' id='word_1_277' title='bbox 1276 1829 1461 1864; x_wconf 86' lang='lat' dir='ltr'>extremo</span> <span class='ocrx_word' id='word_1_278' title='bbox 1488 1828 1579 1870; x_wconf 85' lang='lat' dir='ltr'>isto,</span> <span class='ocrx_word' id='word_1_279' title='bbox 1607 1828 1715 1873; x_wconf 92' lang='lat' dir='ltr'>quod</span> <span class='ocrx_word' id='word_1_280' title='bbox 1740 1829 1804 1865; x_wconf 88' lang='lat' dir='ltr'>est</span> <span class='ocrx_word' id='word_1_281' title='bbox 1823 1828 1963 1870; x_wconf 86' lang='lat' dir='ltr'>totum,</span> 
     </span>
     <span class='ocr_line' id='line_1_29' title="bbox 286 1883 1963 1932; baseline 0.004 -14"><span class='ocrx_word' id='word_1_282' title='bbox 286 1883 425 1919; x_wconf 86' lang='lat' dir='ltr'>necin</span> <span class='ocrx_word' id='word_1_283' title='bbox 445 1883 537 1924; x_wconf 83' lang='lat' dir='ltr'>alio,</span> <span class='ocrx_word' id='word_1_284' title='bbox 565 1885 673 1929; x_wconf 90' lang='lat' dir='ltr'>quod</span> <span class='ocrx_word' id='word_1_285' title='bbox 701 1886 763 1921; x_wconf 88' lang='lat' dir='ltr'>est</span> <span class='ocrx_word' id='word_1_286' title='bbox 789 1894 896 1930; x_wconf 85' lang='lat' dir='ltr'>pars,</span> <span class='ocrx_word' id='word_1_287' title='bbox 924 1895 1002 1922; x_wconf 89' lang='lat' dir='ltr'>nec</span> <span class='ocrx_word' id='word_1_288' title='bbox 1029 1886 1146 1922; x_wconf 90' lang='lat' dir='ltr'>simul</span> <span class='ocrx_word' id='word_1_289' title='bbox 1174 1887 1213 1922; x_wconf 95' lang='lat' dir='ltr'>in</span> <span class='ocrx_word' id='word_1_290' title='bbox 1240 1888 1452 1930; x_wconf 89' lang='lat' dir='ltr'>ambobus,</span> <span class='ocrx_word' id='word_1_291' title='bbox 1480 1887 1575 1932; x_wconf 89' lang='lat' dir='ltr'>quia</span> <span class='ocrx_word' id='word_1_292' title='bbox 1598 1897 1676 1923; x_wconf 84' lang='lat' dir='ltr'>nee</span> <span class='ocrx_word' id='word_1_293' title='bbox 1696 1888 1820 1924; x_wconf 89' lang='lat' dir='ltr'>habet</span> <span class='ocrx_word' id='word_1_294' title='bbox 1846 1887 1963 1923; x_wconf 90' lang='lat' dir='ltr'>simul</span> 
     </span>
     <span class='ocr_line' id='line_1_30' title="bbox 287 1942 1963 1992; baseline 0.002 -14"><span class='ocrx_word' id='word_1_295' title='bbox 287 1943 419 1984; x_wconf 88' lang='lat' dir='ltr'>ambo,</span> <span class='ocrx_word' id='word_1_296' title='bbox 458 1942 579 1979; x_wconf 91' lang='lat' dir='ltr'>immo</span> <span class='ocrx_word' id='word_1_297' title='bbox 616 1943 849 1980; x_wconf 85' lang='lat' dir='ltr'>intellectus</span> <span class='ocrx_word' id='word_1_298' title='bbox 880 1945 1027 1981; x_wconf 87' lang='lat' dir='ltr'>transit</span> <span class='ocrx_word' id='word_1_299' title='bbox 1064 1946 1115 1982; x_wconf 87' lang='lat' dir='ltr'>ab</span> <span class='ocrx_word' id='word_1_300' title='bbox 1154 1956 1234 1982; x_wconf 92' lang='lat' dir='ltr'>uno</span> <span class='ocrx_word' id='word_1_301' title='bbox 1273 1946 1315 1982; x_wconf 93' lang='lat' dir='ltr'>in</span> <span class='ocrx_word' id='word_1_302' title='bbox 1339 1947 1550 1992; x_wconf 89' lang='lat' dir='ltr'>reliquum.</span> <span class='ocrx_word' id='word_1_303' title='bbox 1599 1946 1705 1992; x_wconf 85' lang='lat' dir='ltr'>Ergo</span> <span class='ocrx_word' id='word_1_304' title='bbox 1733 1947 1809 1982; x_wconf 88' lang='lat' dir='ltr'>ete.</span> <span class='ocrx_word' id='word_1_305' title='bbox 1857 1945 1963 1992; x_wconf 87' lang='lat' dir='ltr'>Ergo</span> 
     </span>
     <span class='ocr_line' id='line_1_31' title="bbox 287 2001 2018 2046; baseline 0.003 -10"><span class='ocrx_word' id='word_1_306' title='bbox 287 2001 481 2046; x_wconf 91' lang='lat' dir='ltr'>quidquid</span> <span class='ocrx_word' id='word_1_307' title='bbox 502 2002 685 2039; x_wconf 86' lang='lat' dir='ltr'>veritatis</span> <span class='ocrx_word' id='word_1_308' title='bbox 706 2003 828 2045; x_wconf 88' lang='lat' dir='ltr'>videt,</span> <span class='ocrx_word' id='word_1_309' title='bbox 855 2004 968 2040; x_wconf 88' lang='lat' dir='ltr'>videt</span> <span class='ocrx_word' id='word_1_310' title='bbox 994 2005 1062 2041; x_wconf 90' lang='lat' dir='ltr'>ubi</span> <span class='ocrx_word' id='word_1_311' title='bbox 1089 2005 1225 2041; x_wconf 87' lang='lat' dir='ltr'>omnia</span> <span class='ocrx_word' id='word_1_312' title='bbox 1251 2006 1356 2042; x_wconf 91' lang='lat' dir='ltr'>sunt.</span> <span class='ocrx_word' id='word_1_313' title='bbox 1407 2005 1494 2042; x_wconf 89' lang='lat' dir='ltr'>Hoc</span> <span class='ocrx_word' id='word_1_314' title='bbox 1514 2016 1598 2042; x_wconf 91' lang='lat' dir='ltr'>non</span> <span class='ocrx_word' id='word_1_315' title='bbox 1620 2007 1684 2041; x_wconf 87' lang='lat' dir='ltr'>est</span> <span class='ocrx_word' id='word_1_316' title='bbox 1703 2005 1782 2041; x_wconf 89' lang='lat' dir='ltr'>nisi</span> <span class='ocrx_word' id='word_1_317' title='bbox 1801 2005 1843 2042; x_wconf 92' lang='lat' dir='ltr'>in</span> <span class='ocrx_word' id='word_1_318' title='bbox 1863 2005 1962 2042; x_wconf 90' lang='lat' dir='ltr'>Deo.</span> <span class='ocrx_word' id='word_1_319' title='bbox 1984 2010 2018 2035; x_wconf 80' lang='lat'>30</span> 
     </span>
    </p>

    <p class='ocr_par' dir='ltr' id='par_1_10' title="bbox 289 2061 1965 2168">
     <span class='ocr_line' id='line_1_32' title="bbox 428 2061 1964 2111; baseline 0.002 -14"><span class='ocrx_word' id='word_1_320' title='bbox 428 2062 482 2097; x_wconf 91' lang='lat'>15.</span> <span class='ocrx_word' id='word_1_321' title='bbox 520 2061 619 2098; x_wconf 92' lang='lat' dir='ltr'>Item</span> <span class='ocrx_word' id='word_1_322' title='bbox 646 2063 792 2099; x_wconf 89' lang='lat' dir='ltr'>eadem</span> <span class='ocrx_word' id='word_1_323' title='bbox 819 2064 882 2099; x_wconf 91' lang='lat' dir='ltr'>est</span> <span class='ocrx_word' id='word_1_324' title='bbox 906 2064 1011 2100; x_wconf 87' lang='lat' dir='ltr'>ratio</span> <span class='ocrx_word' id='word_1_325' title='bbox 1045 2065 1326 2111; x_wconf 85' lang='lat' dir='ltr'>cognoscendi</span> <span class='ocrx_word' id='word_1_326' title='bbox 1365 2066 1405 2102; x_wconf 91' lang='lat' dir='ltr'>et</span> <span class='ocrx_word' id='word_1_327' title='bbox 1443 2065 1646 2101; x_wconf 74' lang='lat' dir='ltr'>essendiS.</span> <span class='ocrx_word' id='word_1_328' title='bbox 1698 2064 1779 2101; x_wconf 88' lang='lat' dir='ltr'>Sed</span> <span class='ocrx_word' id='word_1_329' title='bbox 1816 2065 1964 2101; x_wconf 91' lang='lat' dir='ltr'>nullius</span> 
     </span>
     <span class='ocr_line' id='line_1_33' title="bbox 289 2120 1965 2168; baseline 0.003 -13"><span class='ocrx_word' id='word_1_330' title='bbox 289 2120 498 2157; x_wconf 84' lang='lat' dir='ltr'>essentiae</span> <span class='ocrx_word' id='word_1_331' title='bbox 525 2120 733 2158; x_wconf 79' lang='lat' dir='ltr'>sufiiciunt</span> <span class='ocrx_word' id='word_1_332' title='bbox 759 2132 834 2159; x_wconf 89' lang='lat' dir='ltr'>sua</span> <span class='ocrx_word' id='word_1_333' title='bbox 858 2123 1059 2168; x_wconf 89' lang='lat' dir='ltr'>principia</span> <span class='ocrx_word' id='word_1_334' title='bbox 1084 2125 1135 2160; x_wconf 88' lang='lat' dir='ltr'>ad</span> <span class='ocrx_word' id='word_1_335' title='bbox 1163 2124 1468 2161; x_wconf 87' lang='lat' dir='ltr'>subsistendum</span> <span class='ocrx_word' id='word_1_336' title='bbox 1501 2125 1590 2160; x_wconf 90' lang='lat' dir='ltr'>sine</span> <span class='ocrx_word' id='word_1_337' title='bbox 1618 2124 1755 2160; x_wconf 88' lang='lat' dir='ltr'>divina</span> <span class='ocrx_word' id='word_1_338' title='bbox 1781 2124 1965 2160; x_wconf 84' lang='lat' dir='ltr'>essentia</span> 
     </span>
    </p>
   </div>
   <div class='ocr_carea' id='block_1_3' title="bbox 287 2178 1965 2276">
    <p class='ocr_par' dir='ltr' id='par_1_11' title="bbox 287 2178 1965 2276">
     <span class='ocr_line' id='line_1_34' title="bbox 287 2178 1965 2229; baseline 0.003 -15"><span class='ocrx_word' id='word_1_339' title='bbox 287 2178 521 2216; x_wconf 90' lang='lat' dir='ltr'>immediate</span> <span class='ocrx_word' id='word_1_340' title='bbox 549 2190 639 2217; x_wconf 86' lang='lat' dir='ltr'>eam</span> <span class='ocrx_word' id='word_1_341' title='bbox 666 2183 945 2227; x_wconf 88' lang='lat' dir='ltr'>supportante.</span> <span class='ocrx_word' id='word_1_342' title='bbox 995 2181 1101 2229; x_wconf 92' lang='lat' dir='ltr'>Ergo</span> <span class='ocrx_word' id='word_1_343' title='bbox 1128 2192 1206 2219; x_wconf 87' lang='lat' dir='ltr'>nee</span> <span class='ocrx_word' id='word_1_344' title='bbox 1233 2183 1284 2219; x_wconf 91' lang='lat' dir='ltr'>ad</span> <span class='ocrx_word' id='word_1_345' title='bbox 1319 2183 1662 2220; x_wconf 84' lang='lat' dir='ltr'>innotescendum</span> <span class='ocrx_word' id='word_1_346' title='bbox 1698 2183 1788 2219; x_wconf 91' lang='lat' dir='ltr'>sine</span> <span class='ocrx_word' id='word_1_347' title='bbox 1827 2183 1965 2219; x_wconf 87' lang='lat' dir='ltr'>divina</span> 
     </span>
     <span class='ocr_line' id='line_1_35' title="bbox 288 2237 642 2276; baseline 0.008 -3"><span class='ocrx_word' id='word_1_348' title='bbox 288 2237 379 2274; x_wconf 83' lang='lat' dir='ltr'>luce</span> <span class='ocrx_word' id='word_1_349' title='bbox 404 2238 642 2276; x_wconf 86' lang='lat' dir='ltr'>illustrante.</span> 
     </span>
    </p>
   </div>
   <div class='ocr_carea' id='block_1_4' title="bbox 217 2323 2017 2362">
    <p class='ocr_par' dir='ltr' id='par_1_12' title="bbox 217 2323 2017 2362">
     <span class='ocr_line' id='line_1_36' title="bbox 217 2323 2017 2362; baseline 0.003 -3"><span class='ocrx_word' id='word_1_350' title='bbox 217 2323 265 2359; x_wconf 88' lang='lat' dir='ltr'>B.</span> <span class='ocrx_word' id='word_1_351' title='bbox 1039 2324 1219 2362; x_wconf 85' lang='lat' dir='ltr'>Contra.</span> <span class='ocrx_word' id='word_1_352' title='bbox 1983 2328 2017 2353; x_wconf 83' lang='lat'>35</span> 
     </span>
    </p>
   </div>
   <div class='ocr_carea' id='block_1_5' title="bbox 286 2404 1964 2631">
    <p class='ocr_par' dir='ltr' id='par_1_13' title="bbox 286 2404 1964 2631">
     <span class='ocr_line' id='line_1_37' title="bbox 429 2404 1963 2453; baseline 0.002 -13"><span class='ocrx_word' id='word_1_353' title='bbox 429 2406 459 2441; x_wconf 92' lang='lat'>1.</span> <span class='ocrx_word' id='word_1_354' title='bbox 487 2404 516 2440; x_wconf 92' lang='grc' dir='ltr'>Ι.</span> <span class='ocrx_word' id='word_1_355' title='bbox 542 2405 608 2441; x_wconf 82' lang='lat' dir='ltr'>Ad</span> <span class='ocrx_word' id='word_1_356' title='bbox 628 2405 868 2443; x_wconf 76' lang='lat' dir='ltr'>Corinthios</span> <span class='ocrx_word' id='word_1_357' title='bbox 887 2407 949 2443; x_wconf 92' lang='lat' dir='ltr'>VI.</span> <span class='ocrx_word' id='word_1_358' title='bbox 977 2407 1076 2453; x_wconf 88' lang='lat'>(17):</span> <span class='ocrx_word' id='word_1_359' title='bbox 1105 2407 1204 2452; x_wconf 83' lang='lat' dir='ltr'>„Qui</span> <span class='ocrx_word' id='word_1_360' title='bbox 1230 2408 1428 2445; x_wconf 86' lang='lat' dir='ltr'>adhaeret</span> <span class='ocrx_word' id='word_1_361' title='bbox 1454 2408 1640 2450; x_wconf 91' lang='lat' dir='ltr'>Domino,</span> <span class='ocrx_word' id='word_1_362' title='bbox 1667 2417 1771 2444; x_wconf 88' lang='lat' dir='ltr'>unu-s</span> <span class='ocrx_word' id='word_1_363' title='bbox 1799 2407 1963 2453; x_wconf 89' lang='lat' dir='ltr'>spiritus</span> 
     </span>
     <span class='ocr_line' id='line_1_38' title="bbox 288 2463 1964 2512; baseline 0.002 -13"><span class='ocrx_word' id='word_1_364' title='bbox 288 2463 384 2500; x_wconf 87' lang='lat' dir='ltr'>est.“</span> <span class='ocrx_word' id='word_1_365' title='bbox 436 2463 596 2504; x_wconf 90' lang='lat' dir='ltr'>Quanto</span> <span class='ocrx_word' id='word_1_366' title='bbox 623 2464 744 2511; x_wconf 87' lang='lat' dir='ltr'>igitur</span> <span class='ocrx_word' id='word_1_367' title='bbox 769 2466 920 2511; x_wconf 88' lang='lat' dir='ltr'>aliquid</span> <span class='ocrx_word' id='word_1_368' title='bbox 945 2466 1118 2512; x_wconf 90' lang='lat' dir='ltr'>amplius</span> <span class='ocrx_word' id='word_1_369' title='bbox 1145 2467 1344 2504; x_wconf 87' lang='lat' dir='ltr'>adhaeret</span> <span class='ocrx_word' id='word_1_370' title='bbox 1369 2467 1468 2509; x_wconf 91' lang='lat' dir='ltr'>Deo,</span> <span class='ocrx_word' id='word_1_371' title='bbox 1506 2468 1620 2503; x_wconf 89' lang='lat' dir='ltr'>tanto</span> <span class='ocrx_word' id='word_1_372' title='bbox 1657 2467 1746 2512; x_wconf 89' lang='lat' dir='ltr'>plus</span> <span class='ocrx_word' id='word_1_373' title='bbox 1774 2467 1898 2503; x_wconf 87' lang='lat' dir='ltr'>habet</span> <span class='ocrx_word' id='word_1_374' title='bbox 1922 2467 1964 2503; x_wconf 92' lang='lat' dir='ltr'>in</span> 
     </span>
     <span class='ocr_line' id='line_1_39' title="bbox 286 2522 1964 2571; baseline 0.003 -14"><span class='ocrx_word' id='word_1_375' title='bbox 286 2531 331 2558; x_wconf 89' lang='lat' dir='ltr'>se</span> <span class='ocrx_word' id='word_1_376' title='bbox 358 2522 560 2559; x_wconf 72' lang='lat' dir='ltr'>unitatis9.</span> <span class='ocrx_word' id='word_1_377' title='bbox 611 2523 693 2560; x_wconf 91' lang='lat' dir='ltr'>Sed</span> <span class='ocrx_word' id='word_1_378' title='bbox 731 2525 941 2567; x_wconf 89' lang='lat' dir='ltr'>adhaesio,</span> <span class='ocrx_word' id='word_1_379' title='bbox 981 2535 1087 2571; x_wconf 86' lang='lat' dir='ltr'>quae</span> <span class='ocrx_word' id='word_1_380' title='bbox 1127 2527 1190 2562; x_wconf 90' lang='lat' dir='ltr'>est</span> <span class='ocrx_word' id='word_1_381' title='bbox 1227 2536 1301 2571; x_wconf 93' lang='lat' dir='ltr'>per</span> <span class='ocrx_word' id='word_1_382' title='bbox 1337 2526 1549 2563; x_wconf 82' lang='lat' dir='ltr'>caritatem</span> <span class='ocrx_word' id='word_1_383' title='bbox 1584 2527 1749 2571; x_wconf 90' lang='lat' dir='ltr'>praeter</span> <span class='ocrx_word' id='word_1_384' title='bbox 1784 2526 1964 2562; x_wconf 90' lang='lat' dir='ltr'>habitum</span> 
     </span>
     <span class='ocr_line' id='line_1_40' title="bbox 288 2581 1962 2631; baseline 0.002 -15"><span class='ocrx_word' id='word_1_385' title='bbox 288 2581 467 2618; x_wconf 83' lang='lat' dir='ltr'>caritatis</span> <span class='ocrx_word' id='word_1_386' title='bbox 506 2583 698 2626; x_wconf 85' lang='lat' dir='ltr'>creatum,</span> <span class='ocrx_word' id='word_1_387' title='bbox 736 2584 834 2620; x_wconf 93' lang='lat' dir='ltr'>nihil</span> <span class='ocrx_word' id='word_1_388' title='bbox 872 2594 997 2621; x_wconf 93' lang='lat' dir='ltr'>unum</span> <span class='ocrx_word' id='word_1_389' title='bbox 1036 2585 1163 2631; x_wconf 90' lang='lat' dir='ltr'>exigit</span> <span class='ocrx_word' id='word_1_390' title='bbox 1200 2585 1241 2621; x_wconf 92' lang='lat' dir='ltr'>in</span> <span class='ocrx_word' id='word_1_391' title='bbox 1278 2585 1452 2622; x_wconf 89' lang='lat' dir='ltr'>diversis</span> <span class='ocrx_word' id='word_1_392' title='bbox 1479 2585 1558 2622; x_wconf 92' lang='lat' dir='ltr'>nisi</span> <span class='ocrx_word' id='word_1_393' title='bbox 1584 2585 1769 2621; x_wconf 80' lang='lat' dir='ltr'>efficiens</span> <span class='ocrx_word' id='word_1_394' title='bbox 1796 2586 1962 2621; x_wconf 87' lang='lat' dir='ltr'>tantum.</span> 
     </span>
    </p>
   </div>
   <div class='ocr_carea' id='block_1_6' title="bbox 427 2680 1811 2724">
    <p class='ocr_par' dir='ltr' id='par_1_14' title="bbox 427 2680 1811 2724">
     <span class='ocr_line' id='line_1_41' title="bbox 427 2680 1811 2724; baseline 0.003 -11"><span class='ocrx_word' id='word_1_395' title='bbox 427 2680 469 2713; x_wconf 87' lang='lat'>23</span> <span class='ocrx_word' id='word_1_396' title='bbox 496 2681 599 2722; x_wconf 83' lang='lat' dir='ltr'>ergo]</span> <span class='ocrx_word' id='word_1_397' title='bbox 626 2682 658 2714; x_wconf 83' lang='lat' dir='ltr'>si</span> <span class='ocrx_word' id='word_1_398' title='bbox 754 2683 796 2715; x_wconf 82' lang='lat'>34</span> <span class='ocrx_word' id='word_1_399' title='bbox 822 2682 1039 2722; x_wconf 84' lang='lat' dir='ltr'>illustrante]</span> <span class='ocrx_word' id='word_1_400' title='bbox 1065 2684 1384 2717; x_wconf 89' lang='lat' dir='ltr'>instrumentorum</span> <span class='ocrx_word' id='word_1_401' title='bbox 1481 2685 1523 2717; x_wconf 87' lang='grc'>37</span> <span class='ocrx_word' id='word_1_402' title='bbox 1550 2682 1663 2724; x_wconf 83' lang='lat' dir='ltr'>tanto]</span> <span class='ocrx_word' id='word_1_403' title='bbox 1690 2685 1811 2717; x_wconf 79' lang='lat' dir='ltr'>tamen</span> 
     </span>
    </p>
   </div>
   <div class='ocr_carea' id='block_1_7' title="bbox 424 2786 1962 2938">
    <p class='ocr_par' dir='ltr' id='par_1_15' title="bbox 424 2786 1962 2938">
     <span class='ocr_line' id='line_1_42' title="bbox 426 2786 1791 2834; baseline 0.003 -14"><span class='ocrx_word' id='word_1_404' title='bbox 426 2786 439 2809; x_wconf 87' lang='lat'>¹</span> <span class='ocrx_word' id='word_1_405' title='bbox 464 2788 516 2820; x_wconf 88' lang='lat' dir='ltr'>De</span> <span class='ocrx_word' id='word_1_406' title='bbox 541 2787 683 2821; x_wconf 80' lang='lat' dir='ltr'>Anima</span> <span class='ocrx_word' id='word_1_407' title='bbox 707 2789 761 2828; x_wconf 89' lang='lat' dir='ltr'>III,</span> <span class='ocrx_word' id='word_1_408' title='bbox 789 2790 808 2822; x_wconf 88' lang='grc'><strong>5</strong></span> <span class='ocrx_word' id='word_1_409' title='bbox 835 2788 937 2829; x_wconf 88' lang='lat' dir='ltr'>(text.</span> <span class='ocrx_word' id='word_1_410' title='bbox 966 2789 1034 2830; x_wconf 86' lang='lat'>19).</span> <span class='ocrx_word' id='word_1_411' title='bbox 1178 2789 1192 2812; x_wconf 81' lang='lat'>2</span> <span class='ocrx_word' id='word_1_412' title='bbox 1216 2791 1269 2824; x_wconf 83' lang='lat' dir='ltr'>De</span> <span class='ocrx_word' id='word_1_413' title='bbox 1295 2791 1437 2824; x_wconf 81' lang='lat' dir='ltr'>Anima</span> <span class='ocrx_word' id='word_1_414' title='bbox 1462 2791 1515 2831; x_wconf 92' lang='lat' dir='ltr'>III,</span> <span class='ocrx_word' id='word_1_415' title='bbox 1544 2792 1563 2823; x_wconf 88' lang='lat'>5</span> <span class='ocrx_word' id='word_1_416' title='bbox 1590 2791 1691 2829; x_wconf 86' lang='lat' dir='ltr'>(text.</span> <span class='ocrx_word' id='word_1_417' title='bbox 1721 2787 1791 2834; x_wconf 87' lang='lat'>19).</span> 
     </span>
     <span class='ocr_line' id='line_1_43' title="bbox 424 2840 1962 2887; baseline 0.002 -14"><span class='ocrx_word' id='word_1_418' title='bbox 424 2840 439 2862; x_wconf 82' lang='lat'><strong>3</strong></span> <span class='ocrx_word' id='word_1_419' title='bbox 464 2841 625 2881; x_wconf 76' lang='lat' dir='ltr'>Ibidem:</span> <span class='ocrx_word' id='word_1_420' title='bbox 648 2842 711 2876; x_wconf 79' lang='lat' dir='ltr'>cfr.</span> <span class='ocrx_word' id='word_1_421' title='bbox 733 2842 896 2884; x_wconf 78' lang='lat' dir='ltr'>Metaph.</span> <span class='ocrx_word' id='word_1_422' title='bbox 918 2843 973 2883; x_wconf 91' lang='lat' dir='ltr'>XI,</span> <span class='ocrx_word' id='word_1_423' title='bbox 990 2845 1008 2877; x_wconf 90' lang='lat'><strong>7</strong></span> <span class='ocrx_word' id='word_1_424' title='bbox 1023 2844 1107 2884; x_wconf 69' lang='lat' dir='ltr'>(XII,</span> <span class='ocrx_word' id='word_1_425' title='bbox 1123 2845 1210 2877; x_wconf 87' lang='lat' dir='ltr'>text.</span> <span class='ocrx_word' id='word_1_426' title='bbox 1230 2840 1300 2887; x_wconf 87' lang='lat'>39).</span> <span class='ocrx_word' id='word_1_427' title='bbox 1409 2844 1423 2866; x_wconf 75' lang='grc'>4</span> <span class='ocrx_word' id='word_1_428' title='bbox 1450 2845 1501 2877; x_wconf 88' lang='lat' dir='ltr'>De</span> <span class='ocrx_word' id='word_1_429' title='bbox 1515 2844 1656 2878; x_wconf 79' lang='lat' dir='ltr'>Anima</span> <span class='ocrx_word' id='word_1_430' title='bbox 1672 2845 1726 2884; x_wconf 84' lang='grc' dir='ltr'>ΙΙΙ,</span> <span class='ocrx_word' id='word_1_431' title='bbox 1740 2845 1758 2877; x_wconf 91' lang='lat'>5</span> <span class='ocrx_word' id='word_1_432' title='bbox 1773 2842 1876 2883; x_wconf 85' lang='lat' dir='ltr'>(text.</span> <span class='ocrx_word' id='word_1_433' title='bbox 1894 2843 1962 2882; x_wconf 84' lang='lat'>19).</span> 
     </span>
     <span class='ocr_line' id='line_1_44' title="bbox 426 2893 1795 2938; baseline 0.002 -11"><span class='ocrx_word' id='word_1_434' title='bbox 426 2893 441 2915; x_wconf 85' lang='lat'>⁵</span> <span class='ocrx_word' id='word_1_435' title='bbox 467 2894 577 2936; x_wconf 83' lang='lat' dir='ltr'>Prop.</span> <span class='ocrx_word' id='word_1_436' title='bbox 604 2896 625 2927; x_wconf 90' lang='lat'><strong><em>3</em></strong></span> <span class='ocrx_word' id='word_1_437' title='bbox 651 2893 701 2936; x_wconf 91' lang='lat' dir='ltr'>(p.</span> <span class='ocrx_word' id='word_1_438' title='bbox 730 2894 822 2936; x_wconf 84' lang='lat'>165).</span> <span class='ocrx_word' id='word_1_439' title='bbox 964 2895 979 2917; x_wconf 76' lang='grc' dir='ltr'><strong>θ</strong></span> <span class='ocrx_word' id='word_1_440' title='bbox 1004 2897 1074 2930; x_wconf 77' lang='lat' dir='ltr'>Cfr.</span> <span class='ocrx_word' id='word_1_441' title='bbox 1100 2897 1176 2930; x_wconf 85' lang='lat' dir='ltr'>Lib.</span> <span class='ocrx_word' id='word_1_442' title='bbox 1205 2897 1248 2930; x_wconf 85' lang='lat' dir='ltr'>de</span> <span class='ocrx_word' id='word_1_443' title='bbox 1275 2897 1421 2936; x_wconf 76' lang='lat' dir='ltr'>causis,</span> <span class='ocrx_word' id='word_1_444' title='bbox 1448 2906 1551 2938; x_wconf 92' lang='lat' dir='ltr'>prop.</span> <span class='ocrx_word' id='word_1_445' title='bbox 1581 2898 1596 2929; x_wconf 91' lang='lat'>1</span> <span class='ocrx_word' id='word_1_446' title='bbox 1625 2896 1675 2938; x_wconf 90' lang='lat' dir='ltr'>(p.</span> <span class='ocrx_word' id='word_1_447' title='bbox 1704 2895 1795 2937; x_wconf 86' lang='lat'>163).</span> 
     </span>
    </p>
   </div>
   <div class='ocr_carea' id='block_1_8' title="bbox 423 2945 1708 3098">
    <p class='ocr_par' dir='ltr' id='par_1_16' title="bbox 423 2945 1708 3098">
     <span class='ocr_line' id='line_1_45' title="bbox 424 2945 848 2982; baseline 0.007 -3"><span class='ocrx_word' id='word_1_448' title='bbox 424 2945 438 2968; x_wconf 82' lang='lat'>⁷</span> <span class='ocrx_word' id='word_1_449' title='bbox 463 2947 595 2980; x_wconf 87' lang='lat' dir='ltr'>Locum</span> <span class='ocrx_word' id='word_1_450' title='bbox 620 2957 692 2981; x_wconf 90' lang='lat' dir='ltr'>non</span> <span class='ocrx_word' id='word_1_451' title='bbox 717 2949 848 2982; x_wconf 92' lang='lat' dir='ltr'>inveni.</span> 
     </span>
     <span class='ocr_line' id='line_1_46' title="bbox 425 2999 1703 3044; baseline 0.002 -11"><span class='ocrx_word' id='word_1_452' title='bbox 425 2999 439 3020; x_wconf 71' lang='grc'>8</span> <span class='ocrx_word' id='word_1_453' title='bbox 464 3000 534 3033; x_wconf 75' lang='lat' dir='ltr'>Cir.</span> <span class='ocrx_word' id='word_1_454' title='bbox 561 3001 682 3043; x_wconf 72' lang='lat' dir='ltr'>Aug,</span> <span class='ocrx_word' id='word_1_455' title='bbox 708 3002 761 3034; x_wconf 88' lang='lat' dir='ltr'>De</span> <span class='ocrx_word' id='word_1_456' title='bbox 788 3002 861 3035; x_wconf 88' lang='lat' dir='ltr'>Civ.</span> <span class='ocrx_word' id='word_1_457' title='bbox 888 3002 974 3040; x_wconf 85' lang='lat' dir='ltr'>VIII,</span> <span class='ocrx_word' id='word_1_458' title='bbox 1003 3002 1040 3042; x_wconf 83' lang='lat'>4;</span> <span class='ocrx_word' id='word_1_459' title='bbox 1066 3003 1240 3044; x_wconf 72' lang='lat' dir='ltr'>Metaph„</span> <span class='ocrx_word' id='word_1_460' title='bbox 1267 3003 1326 3036; x_wconf 89' lang='lat' dir='ltr'>lib.</span> <span class='ocrx_word' id='word_1_461' title='bbox 1353 3013 1386 3041; x_wconf 87' lang='grc' dir='ltr'>α,</span> <span class='ocrx_word' id='word_1_462' title='bbox 1416 3004 1432 3036; x_wconf 95' lang='grc'>1</span> <span class='ocrx_word' id='word_1_463' title='bbox 1460 3002 1514 3043; x_wconf 92' lang='grc' dir='ltr'>(ΙΙ,</span> <span class='ocrx_word' id='word_1_464' title='bbox 1541 3005 1629 3036; x_wconf 74' lang='lat' dir='ltr'>text.</span> <span class='ocrx_word' id='word_1_465' title='bbox 1657 3002 1703 3043; x_wconf 88' lang='grc'>4).</span> 
     </span>
     <span class='ocr_line' id='line_1_47' title="bbox 423 3051 1708 3098; baseline 0.002 -12"><span class='ocrx_word' id='word_1_466' title='bbox 423 3051 439 3075; x_wconf 85' lang='lat'>⁹</span> <span class='ocrx_word' id='word_1_467' title='bbox 464 3053 534 3087; x_wconf 77' lang='lat' dir='ltr'>Cir.</span> <span class='ocrx_word' id='word_1_468' title='bbox 561 3054 613 3087; x_wconf 87' lang='lat' dir='ltr'>De</span> <span class='ocrx_word' id='word_1_469' title='bbox 637 3054 750 3088; x_wconf 85' lang='lat' dir='ltr'>Hum.</span> <span class='ocrx_word' id='word_1_470' title='bbox 779 3055 891 3096; x_wconf 70' lang='lat' dir='ltr'>Goyn.</span> <span class='ocrx_word' id='word_1_471' title='bbox 917 3056 1000 3089; x_wconf 80' lang='lat' dir='ltr'>Rat.</span> <span class='ocrx_word' id='word_1_472' title='bbox 1028 3065 1060 3096; x_wconf 91' lang='lat' dir='ltr'>p.</span> <span class='ocrx_word' id='word_1_473' title='bbox 1090 3056 1132 3089; x_wconf 88' lang='lat'>88</span> <span class='ocrx_word' id='word_1_474' title='bbox 1159 3055 1206 3095; x_wconf 85' lang='lat'>(7.</span> <span class='ocrx_word' id='word_1_475' title='bbox 1233 3056 1383 3089; x_wconf 85' lang='lat' dir='ltr'>Matth.</span> <span class='ocrx_word' id='word_1_476' title='bbox 1411 3057 1463 3089; x_wconf 88' lang='lat' dir='ltr'>ab</span> <span class='ocrx_word' id='word_1_477' title='bbox 1489 3055 1708 3098; x_wconf 59' lang='lat' dir='ltr'>Aquasp)</span> 
     </span>
    </p>
   </div>
  </div>
 </body>
</html>
