2095 3459
323 193 369 236 50
834 194 1012 234 johannis
1039 194 1206 234 Pechami
1233 194 1484 237 Quaestiones.

324 308 501 336 necesse
530 299 593 335 est
618 298 659 334 in
687 298 797 334 omni
822 297 1103 343 intelligentia,
1132 307 1237 342 quae
1263 296 1462 342 intelligit,
1488 295 1608 332 aliud.
1656 294 1705 330 Et
1731 295 1765 331 si
1791 305 1885 337 non,
1914 304 1998 332 non

325 359 438 394 esset
463 358 675 394 multitudo
702 358 744 393 111
769 357 910 393 formis
938 357 1168 393 abstractis.
1217 356 1331 392 Haec
1357 356 1485 392 verba
1511 355 1611 391 eius.

461 416 532 453 Est
559 426 657 462 ergo
684 416 962 452 immaterialis
1001 425 1075 461 per
1113 415 1396 452 exclusionem
1432 414 1628 450 materiae
1667 413 1999 461 transmutabilis,

324 477 398 512 sed
424 477 549 512 habet
573 475 725 520 aliquid
752 475 883 511 simile
921 475 1000 520 ipsi
1037 475 1246 516 materiae,
1284 483 1358 519 per
1393 483 1514 518 quam
1550 474 1614 509 est
1647 473 1736 514 hoc,
1770 482 1845 517 per
1880 482 2000 517 quam

324 537 388 571 est
414 535 618 571 distinctio
646 535 842 570 naturalis
869 534 910 570 in
937 533 1176 570 substantiis
1204 533 1418 578 separatis,
1444 533 1488 568 ut
1512 532 1601 577 ipse
1629 532 1759 568 dicit1.
2019 539 2036 564 5

463 594 646 639 Amplius
675 603 728 630 ex
754 594 833 630 hoc
859 603 943 629 non
970 593 1164 638 sequitur,
1200 593 1309 637 quod
1345 591 1576 627 intellectus
1613 591 1664 626 sit
1698 591 1754 626 ita
1787 591 1950 635 penitus
1977 600 2002 627 a

323 654 494 690 materia
513 653 737 695 absolutus,
765 653 861 698 quin
883 653 935 688 sit
954 652 1154 697 perfectio
1173 651 1372 687 materiae
1394 650 1631 695 corporalis,
1652 650 1726 686 sed
1745 649 1841 695 quia
1861 659 2002 687 essen-

323 713 471 749 tialiter
497 723 580 749 non
607 712 816 757 dependet
841 721 866 748 a
891 710 1073 748 materia.
1119 711 1244 747 Immo
1273 710 1377 747 sicut
1404 710 1467 746 est
1492 709 1657 754 spiritus
1679 709 1844 745 omnino
1871 718 1896 745 a
1921 719 2002 746 ma-

322 772 426 808 teria
445 772 657 808 absolutus
679 772 719 807 in
742 771 922 807 essendo
945 771 986 806 θῖ
1006 769 1272 816 perficiendo,
1293 770 1336 805 ut
1356 769 1504 815 angeli,
1525 768 1593 813 qui
1613 768 1698 804 nati
1724 768 1818 804 sunt
1838 777 2002 805 omnem

322 831 620 877 perfectionem
647 830 724 867 sibi
750 830 964 875 acquirere
1003 839 1028 865 a
1066 829 1278 874 superiori,
1318 829 1358 864 et
1393 828 1497 865 sicut
1535 828 1599 863 est
1637 827 1801 872 spiritus
1835 827 2001 863 omnino
2022 838 2056 863 10

323 891 565 927 coniunctus
586 890 626 926 in
648 890 828 926 essendo
851 890 892 925 et
911 888 1166 933 perficiendo
1188 887 1276 924 sive
1298 888 1473 933 agendo,
1500 888 1543 923 ut
1563 886 1727 931 spiritus
1754 886 2001 932 generabilis

323 951 364 986 et
390 949 673 995 corruptibilis,
700 949 769 994 qui
795 948 961 984 omnino
988 947 1198 993 perficitur
1223 947 1275 983 ab
1309 946 1503 988 inferiori,
1542 946 1598 982 ita
1625 946 1689 982 θεῖ
1725 944 1896 987 medius,
1934 945 2003 990 qui

322 1019 405 1045 non
433 1009 640 1054 dependet
660 1008 701 1044 in
723 1008 915 1049 essendo,
943 1007 1079 1043 unitur
1104 1007 1242 1042 tamen
1268 1005 1535 1051 perficiendo,
1561 999 1605 1041 ut
1626 1005 1667 1041 θῖ
1691 1004 1781 1049 ipse
1806 1004 1952 1049 partim
1978 1013 2003 1041 a

323 1068 535 1113 superiori,
562 1067 708 1113 partim
735 1067 786 1103 ab
808 1066 992 1102 inferiori
1011 1065 1309 1111 perfectionem
1330 1064 1550 1110 acquirat2.
1587 1063 1707 1100 Unde
1727 1063 2002 1105 Avicenna,

332 1127 390 1163 VI.
416 1127 743 1163 Naturalium-⁵³:
789 1125 1014 1171 „Obligatio
1042 1125 1204 1161 animae
1233 1134 1324 1160 cum
1352 1133 1524 1169 corpore
1552 1124 1617 1159 θεῖ
1642 1124 1809 1168 propter
1834 1123 1923 1165 hoc,
1961 1123 2004 1159 ut
2023 1133 2057 1159 15

323 1186 559 1232 perficiatur
596 1186 832 1222 intellectus
872 1184 1216 1229 contemplativus
1263 1184 1304 1219 et
1342 1182 1622 1219 sanctificetur
1669 1183 1710 1218 et
1752 1182 2001 1218 mundetur.“

321 1246 434 1282 Haec
461 1245 727 1282 Avicenna.
768 1244 886 1284 Quod
913 1244 1058 1280 dicitur
1084 1252 1167 1279 non
1195 1242 1313 1288 quasi
1332 1243 1443 1287 prius
1470 1241 1590 1278 fuerit
1615 1241 1832 1283 immunda,
1860 1241 1934 1277 sed
1961 1242 2004 1277 ut

322 1315 395 1350 per
428 1304 668 1341 exercitium
701 1304 741 1339 in
775 1312 949 1348 corpore
976 1303 1240 1345 <mereatur>,
1279 1302 1343 1338 cui
1374 1311 1448 1347 per
1475 1301 1739 1346 splendorem
1774 1299 2003 1345 sapientiae

322 1364 519 1400 munditia
545 1364 754 1409 augeatur.
806 1362 953 1398 Anima
974 1362 1083 1398 enim
1102 1361 1327 1403 rationalis,
1354 1361 1449 1406 quia
1474 1360 1564 1406 plus
1591 1360 1716 1396 habet
1741 1360 1792 1395 de
1819 1359 2004 1404 potentia

323 1424 364 1459 et
392 1423 663 1468 possibilitate
691 1432 812 1467 quam
843 1421 1007 1466 spiritus
1038 1421 1229 1466 separati,
1257 1420 1442 1465 quamvis
1476 1420 1669 1464 separata
1701 1418 1833 1463 aptior
1865 1418 1917 1454 sit
1948 1419 1999 1454 ad
2020 1427 2054 1453 20

322 1482 631 1528 intelligendum
658 1491 779 1526 quam
807 1481 1026 1516 coniuncta
1053 1480 1278 1516 secundum
1315 1479 1463 1515 statum
1501 1478 1705 1520 miseriae,
1741 1487 1824 1513 non
1862 1478 2001 1514 tamen

323 1551 445 1586 quam
472 1541 513 1577 in
540 1550 713 1586 corpore
742 1540 894 1585 optime
923 1539 1135 1584 disposito,
1163 1539 1267 1575 sicut
1293 1538 1369 1575 erit
1394 1538 1435 1574 in
1461 1538 1601 1584 gloria.

462 1600 561 1636 Item
588 1600 813 1636 secundum
835 1599 943 1635 vires
971 1598 1189 1634 inferiores
1218 1598 1343 1634 habet
1371 1597 1679 1634 inclinationem
1704 1596 1756 1632 ad
1783 1605 1932 1641 corpus
1963 1599 2004 1634 et

322 1660 478 1705 appetit
510 1659 750 1696 naturaliter
780 1658 1055 1694 mediantibus
1095 1657 1287 1693 sensibus
1326 1657 1528 1693 illustrari.
1590 1656 1760 1701 Pr0pter
1808 1656 1916 1700 quod
1943 1654 2002 1704 “in

324 1719 563 1755 definitione
599 1718 760 1754 animae
800 1717 908 1754 cadit
946 1726 1106 1765 corpus,
1134 1717 1238 1753 sicut
1263 1717 1377 1761 patet
1403 1726 1456 1752 ex
1488 1715 1832 1760 Philosopho4.
1889 1709 2000 1750 Sicut
2019 1723 2053 1748 25

324 1778 446 1814 etiam
466 1777 776 1823 Augustinus
804 1777 900 1813 dicit
919 1776 978 1812 De
1000 1765 1243 1819 Qwiantitate
1268 1775 1450 1812 Animae
1463 1778 1488 1817 5,
1516 1775 1624 1820 quod
1650 1774 1787 1810 anima
1813 1774 1877 1809 θεῖ
1908 1774 2000 1809 sub-

327 1837 477 1873 stantia
507 1837 709 1881 quaedam
735 1835 907 1871 rationis
928 1835 1134 1880 particeps
1160 1835 1345 1880 regendo
1373 1834 1535 1879 corpori
1560 1833 1840 1870 accomodata.
1883 1832 2001 1868 Unde

325 1896 516 1933 definitur
543 1896 712 1931 econtra
739 1904 887 1940 corpus
914 1895 1146 1935 humanum,
1183 1894 1217 1929 si
1248 1903 1322 1938 per
1348 1893 1525 1929 animam
1551 1892 1753 1934 definitur,
1790 1891 1885 1936 quia
1911 1891 2001 1927 sine

324 1955 460 1992 anima
488 1964 571 1990 non
601 1955 665 1990 est
695 1963 842 1999 corpus
876 1953 955 1989 nisi
979 1953 1219 1998 aequivoce.
1268 1952 1374 1998 Ergo
1402 1962 1551 1997 corpus
1579 1953 1619 1988 et
1645 1951 1781 1987 anima
1807 1960 1897 1987 cum
1935 1951 2003 1987 de-

324 2014 520 2051 finiuntur
546 2023 620 2059 per
645 2013 895 2055 alterutrum,
922 2022 1005 2048 non
1034 2013 1128 2048 sunt
1153 2013 1233 2048 duo
1262 2012 1437 2048 diversa.
1482 2011 1601 2047 Unde
1623 2010 2001 2055 Philosophusssz
2020 2022 2054 2047 30

326 2073 489 2118 „Omnis
520 2073 588 2118 qui
616 2072 731 2117 ponit
761 2072 869 2117 quod
899 2072 1035 2108 anima
1063 2072 1103 2107 et
1133 2081 1281 2116 corpus
1309 2071 1403 2106 sunt
1429 2071 1508 2107 duo
1536 2070 1711 2112 diversa,
1745 2069 1938 2106 convenit
1965 2069 2001 2105 ei

325 2133 475 2174 dicere,
502 2142 608 2177 quae
636 2132 688 2168 sit
714 2141 841 2168 causa
865 2131 1076 2176 ligamenti
1101 2130 1263 2167 animae
1292 2140 1383 2166 cum
1409 2139 1594 2175 corpore.
1646 2129 1722 2170 Qui
1747 2130 1884 2165 autem
1906 2128 2002 2165 dicit

326 2192 434 2237 quod
460 2191 598 2228 anima
624 2192 688 2227 est
713 2190 912 2236 perfectio
940 2190 1123 2235 corporis
1153 2191 1192 2226 et
1218 2199 1366 2234 corpus
1393 2199 1476 2226 non
1509 2188 1695 2225 subsistit
1729 2189 1818 2224 sine
1853 2188 2000 2237 anima,

298 2280 301 2282 .
325 2261 408 2287 non
429 2252 524 2287 sunt
542 2251 650 2295 apud
668 2250 802 2295 ipsum
823 2250 903 2285 duo
925 2249 1089 2285 diversa
1108 2258 1186 2285 nec
1206 2249 1353 2285 accidit
1373 2249 1479 2294 apud
1500 2248 1633 2293 ipsum
1653 2248 1757 2284 haec
1777 2246 1998 2293 quaestio.“

466 2350 482 2381 1
511 2357 665 2381 necesse
692 2347 760 2387 est]
792 2348 817 2379 A
846 2348 961 2380 simile
1036 2348 1054 2379 2
1082 2346 1172 2386 eius]
1198 2348 1229 2379 B
1250 2355 1322 2380 om.
1396 2347 1415 2379 3
1444 2356 1532 2388 ergo
1552 2345 1811 2384 immaterialis]
1836 2346 1867 2378 B
1892 2345 2002 2387 igitur

324 2402 521 2435 materialis
642 2402 661 2434 4
687 2400 771 2442 ipsi]
805 2401 836 2433 B
862 2401 912 2433 illi
1008 2402 1027 2433 5
1056 2399 1176 2441 quam]
1212 2400 1239 2431 A
1270 2401 1299 2433 <fi
1324 2400 1356 2433 Β
1382 2400 1581 2433 cuiusmodi
1606 2399 1787 2432 distinctio
1811 2397 1999 2437 naturalis]

324 2456 355 2488 B
380 2455 635 2496 distinguenda
660 2452 835 2487 numeral²
920 2455 938 2486 7
968 2453 1065 2494 quin]
1093 2454 1124 2485 A
1146 2454 1314 2494 quoniam
1387 2454 1406 2486 8
1431 2452 1587 2491 omnino]
1610 2453 1640 2484 A
1661 2452 1775 2484 omnis
1850 2452 1892 2484 10
1918 2450 1999 2490 sibi]

326 2508 357 2539 A
384 2509 413 2541 ὦ
438 2508 469 2540 Β
495 2508 632 2540 scilicet
705 2505 773 2546 est]
810 2506 841 2538 A
868 2515 938 2539 om.
967 2508 1042 2545 est;
1080 2507 1111 2538 Β
1138 2515 1208 2538 om.
1235 2506 1329 2538 sicut
1425 2506 1464 2538 11
1493 2504 1725 2547 generabilis]
1760 2505 1791 2537 B
1817 2505 1998 2546 generalis

327 2562 368 2594 13
396 2560 539 2602 partim]
566 2561 596 2592 A
624 2560 780 2601 pertinet
875 2561 916 2592 15
943 2558 1098 2598 animae]
1124 2559 1153 2592 A
1181 2559 1288 2592 animi
1374 2560 1415 2592 17
1442 2558 1560 2598 fuerit]
1586 2559 1617 2591 Β
1643 2567 1714 2591 om.
1811 2558 1853 2590 20
1880 2558 1996 2599 possi-

325 2613 476 2653 bilitate]
510 2614 541 2646 Β
576 2614 759 2654 potestate
861 2612 992 2653 aptior]
1026 2613 1058 2645 Β
1093 2621 1115 2645 a
1151 2621 1304 2653 corpore
1424 2612 1464 2645 21
1505 2610 1713 2650 secundum]
1749 2611 1780 2642 A
1821 2611 1858 2648 -1-
1901 2611 1995 2651 quod

327 2666 447 2708 quam]
467 2668 498 2700 B
518 2668 590 2700 tam
602 2662 649 2709 (Ῥ)
725 2666 767 2698 24
794 2665 1019 2705 naturaliter]
1039 2666 1067 2697 A
1086 2666 1159 2699 ‹ssB
1176 2665 1411 2698 materialiter
1483 2666 1524 2698 27
1552 2664 1749 2706 particeps]
1772 2664 1802 2696 A
1824 2664 1994 2705 princeps

326 2721 368 2753 27
390 2719 564 2762 regendo]
596 2720 622 2750 A
641 2720 714 2752 <1⁷:13
733 2719 920 2760 regiminis
995 2717 1242 2757 accomodata]
1272 2718 1303 2750 A
1333 2719 1413 2751 acto
1439 2718 1626 2752 moderata
1716 2718 1758 2750 28
1785 2715 1944 2755 econtra]
1964 2717 1995 2749 B

326 2774 432 2806 extra
516 2773 558 2806 29
585 2771 799 2813 aequivoce]
825 2773 855 2805 B
881 2772 1101 2812 aequalitate
1194 2772 1235 2804 31
1263 2770 1309 2810 ei]
1334 2772 1365 2804 Β
1392 2780 1436 2804 ea
1525 2771 1567 2803 34
1593 2770 1696 2809 haec]
1723 2770 1753 2801 A
1783 2769 1820 2808 -Ι-
1850 2778 1995 2810 quoque

466 2867 478 2890 1
504 2869 555 2901 De
575 2868 716 2901 Anima
735 2868 789 2906 ΙΙΙ,
805 2867 823 2899 4
839 2866 872 2905 (1
889 2868 977 2900 text.
994 2865 1029 2906 5)
1040 2864 1116 2905 (fol.
1130 2867 1192 2899 151
1206 2864 1246 2906 v).
1365 2864 1380 2887 2
1405 2866 1495 2898 Vide
1515 2874 1627 2906 supra
1646 2874 1729 2905 pag.
1745 2864 1786 2897 48
1801 2865 1921 2896 notam
1939 2864 1991 2896 11.

466 2921 481 2943 3
505 2922 620 2954 Locus
646 2930 719 2954 non
744 2921 887 2953 videtur
911 2920 991 2952 libri
1017 2920 1126 2952 citati.
1267 2918 1282 2940 4
1306 2919 1359 2952 De
1385 2919 1523 2952 Anima
1548 2919 1586 2958 II,
1615 2919 1631 2950 1
1659 2917 1760 2957 (text.
1785 2916 1831 2957 6).

465 2974 480 2997 ⁵
506 2983 535 3007 c.
564 2974 606 3006 13
632 2972 703 3013 (PL
729 2974 783 3013 32,
812 2973 911 3012 1048,
938 2982 970 3006 11.
999 2971 1075 3013 22);
1102 2973 1164 3005 cfr.
1192 2972 1244 3005 De
1269 2971 1412 3013 Spiritu
1437 2973 1471 3004 ec
1496 2971 1635 3004 Anima
1655 2980 1683 3003 c.
1706 2972 1721 3003 1
1751 2966 1821 3012 (PL
1841 2970 1894 3009 40,
1910 2968 1991 3009 781)

328 3029 364 3060 et
389 3028 596 3066 Damaso„
623 3027 675 3059 De
700 3027 789 3059 Fide
817 3026 968 3059 orthod.
995 3026 1034 3065 II,
1063 3025 1103 3058 12
1130 3024 1206 3065 (PG
1231 3025 1285 3063 94,
1312 3024 1403 3064 923).

467 3079 482 3102 ⁶
507 3080 669 3121 Metaph.
696 3079 767 3119 Vll,
795 3079 814 3112 6
840 3078 941 3119 (VIII,
968 3080 1056 3112 text.
1084 3077 1151 3118 16).
