2095 3459
365 202 487 238 XVIII
861 204 1039 237 Johannis
1064 203 1233 236 Pechami
1259 202 1507 240 Quaestiones.

507 305 550 354 4)
582 306 647 346 Est:
678 306 806 357 epist.
842 306 904 346 ad
939 305 1280 346 Cancellarium
1313 307 1355 344 et
1384 305 1635 355 mayistros
1666 304 1867 353 eiusdem
1906 302 2031 343 Univ.

368 383 481 422 data
514 382 659 422 die7.
692 383 791 422 Dec.
827 377 994 422 12841.-

506 453 587 496 ,De
614 454 844 499 pluralitate
869 454 1090 490 formarum
1109 453 1217 489 illam
1239 452 1486 489 sententiam
1506 453 1648 488 nostra
1667 452 1780 487 tenet
1801 450 2034 495 simplicitas

366 512 519 557 (quam)
547 514 587 549 et
613 513 742 549 tenuit
767 513 965 548 hactenus
991 513 1100 548 totus
1131 512 1338 548 mundus.“

507 580 550 630 5)
583 583 647 622 Ex
678 582 837 622 eadem
870 576 1121 633 epistola2:

509 652 705 697 „Causam
742 663 842 690 vero
883 653 1119 698 opinionum
1157 654 1292 689 bonae
1331 652 1553 688 memoriae
1592 651 1726 688 fratris
1764 651 1943 687 Thomae
1986 651 2037 686 de

371 712 542 757 Aquino,
570 722 670 756 quas
697 712 844 748 fratres
871 712 949 757 ipsi
976 711 1191 757 opiniones
1219 712 1281 747 sui
1308 711 1461 747 ordinis
1490 721 1584 747 esse
1606 711 1754 752 dicunt,
1781 719 1881 755 quas
1900 711 2037 746 tamen

370 771 410 807 in
436 772 579 807 nostra
604 772 842 816 praesentia
869 771 1041 807 subiecit
1066 771 1175 806 idem
1200 771 1453 806 reverendus
1480 771 1597 815 pater
1628 769 1911 814 theologorum
1937 768 2039 804 arbi—

370 830 446 866 trio
473 830 763 866 Parisiensium
796 830 1092 876 magistrorum,
1129 830 1310 874 pendere
1344 829 1518 865 diximus
1551 828 1593 864 in
1623 828 1807 864 Romana
1839 826 1949 863 curia
1982 827 2040 862 in-

371 889 562 930 decisam,
589 899 662 934 pro
691 898 740 925 eo
761 889 880 934 quod,
908 898 998 924 cum
1018 889 1193 924 vacante
1215 888 1315 924 sede
1336 888 1563 933 apostolica
1584 897 1658 932 per
1678 888 1850 923 mortem
1871 887 2038 922 sanctae

371 948 593 984 memoriae
614 947 775 983 Domini
794 947 1005 989 Johannis‚
1033 947 1109 983 Dei
1132 947 1263 992 gratia
1289 948 1384 982 tunc
1410 946 1606 991 temporis
1627 944 1799 981 Romani
1824 943 2039 989 pontificis,

373 1006 591 1051 episcopus
617 1006 859 1042 Parisiensis
888 1005 1118 1051 Stephanus
1151 1006 1285 1041 bonae
1317 1005 1540 1041 memoriae
1573 1005 1625 1041 ad
1656 1004 1954 1040 discussionem
1985 1002 2041 1048 ip-

373 1063 510 1101 sorum
541 1065 801 1101 articulorum
834 1065 885 1100 de
918 1065 1089 1101 consilio
1123 1064 1407 1110 magistrorum
1438 1064 1665 1109 procedere
1693 1063 1900 1108 cogitaret,
1932 1071 2042 1098 man-

374 1124 510 1160 datum
549 1123 678 1160 fuisse
720 1123 863 1159 dicitur
901 1123 1035 1159 eidem
1074 1123 1271 1168 episcopo
1309 1132 1384 1167 per
1421 1123 1619 1167 quosdam
1657 1122 1866 1158 Romanae
1905 1121 2041 1157 curiae

374 1183 561 1219 dominos
587 1182 853 1224 reverendos,
880 1183 923 1218 ut
949 1183 999 1218 de
1026 1182 1134 1218 facto
1161 1182 1318 1218 illarum
1344 1181 1580 1226 opinionum
1607 1181 1900 1226 supersederet
1931 1180 2043 1225 peni-

374 1244 451 1287 tus,
486 1243 619 1278 donec
654 1241 761 1278 aliud
797 1241 1003 1286 reciperet
1036 1241 1077 1276 111
1113 1240 1326 1276 mandatis.
1360 1262 1406 1265 -—
1441 1240 1560 1276 Aliud
1597 1240 1717 1286 igitur
1753 1241 1815 1275 est
1849 1239 1957 1284 quod
1992 1239 2042 1275 de

375 1301 535 1345 scriptis
562 1300 803 1346 theologicis
831 1301 894 1336 est
919 1300 1129 1336 Romanae
1157 1299 1386 1336 celsitudini
1411 1299 1667 1335 reservatum
1693 1298 1881 1340 Parisius‚
1914 1298 1965 1334 ab
1993 1306 2042 1333 eo

375 1360 482 1404 quod
514 1359 723 1395 inventum
752 1359 938 1395 Oxoniae
964 1359 1005 1394 in
1038 1358 1329 1394 certaminibus
1361 1357 1583 1402 puerilibus
1610 1367 1684 1402 per
1709 1356 2044 1402 praedecessoris

376 1419 505 1455 nostri
532 1419 775 1464 sapientiam
802 1419 864 1454 est
891 1418 1157 1454 damnatum.“

517 1487 560 1537 6)
592 1489 658 1528 Ex
689 1489 817 1540 epist.
847 1488 909 1528 ad
931 1488 1195 1539 episcopum
1214 1487 1592 1535 Lineolniensem,
1627 1486 1741 1526 data
1761 1485 1835 1525 die
1855 1486 1892 1525 1.
1917 1485 2045 1525 Iunii

379 1577 420 1606 a.
455 1566 565 1605 1285
579 1559 607 1605 3.

520 1636 645 1680 „Dicit
676 1646 752 1672 nos
787 1636 1022 1682 opinionem
1055 1636 1106 1672 de
1133 1635 1286 1672 unitate
1312 1635 1468 1671 formae
1495 1634 1719 1670 rationibus
1748 1633 1788 1669 et
1813 1633 2046 1669 sanctorum

378 1694 625 1731 testimoniis
651 1695 951 1739 persequentes
977 1694 1018 1729 in
1045 1695 1248 1730 mortuum
1272 1693 1509 1739 impingere,
1537 1693 1646 1738 quod
1673 1693 1736 1728 est
1760 1691 1923 1735 falsum;
1951 1691 2046 1736 quin

379 1754 512 1798 potius
540 1753 587 1795 ei,
616 1753 665 1789 de
694 1762 772 1797 quo
799 1753 985 1798 loquitur,
1013 1762 1103 1789 cum
1129 1762 1202 1798 pro
1224 1753 1300 1788 hac
1321 1752 1514 1797 opinione
1535 1753 1586 1788 ab
1608 1751 1804 1796 episcopo
1826 1750 2046 1786 Parisiensi

381 1814 421 1849 et
456 1812 658 1858 magistris
694 1812 927 1858 theologiae
964 1813 1004 1848 et
1038 1821 1063 1848 a
1092 1811 1283 1848 fratribus
1316 1811 1491 1857 propriis
1517 1811 1759 1857 argueretur
1785 1810 1937 1855 argute,
1970 1818 2046 1844 nos

382 1872 458 1907 soli
489 1871 622 1907 eidem
655 1871 866 1912 astitimus,
903 1871 1035 1916 ipsum
1066 1872 1186 1916 prout
1212 1871 1326 1907 salva
1351 1870 1524 1906 veritate
1550 1869 1754 1915 potuimus
1781 1868 2048 1909 defensando,

382 1932 514 1967 donec
545 1930 634 1975 ipse
667 1940 809 1966 omnes
842 1930 1070 1974 positiones
1104 1939 1212 1971 suas,
1249 1929 1393 1974 quibus
1429 1929 1560 1974 possit
1591 1928 1803 1964 imminere
1837 1926 2048 1967 correctio,

383 1990 486 2025 sicut
511 1990 653 2025 doctor
679 1989 838 2025 humilis
872 1989 1044 2024 subiecit
1075 1988 1344 2024 moderamini
1369 1988 1657 2024 Parisiensium
1683 1986 1964 2032 magistrorum
1987 2014 1993 2020 .
2014 2014 2021 2021 .
2044 2014 2050 2021 .

521 2048 605 2084 Nec
637 2049 769 2089 modo,
802 2049 845 2084 ut
877 2048 1075 2092 impostor
1106 2047 1260 2089 astruit,
1292 2047 1506 2092 incipimus
1539 2046 1635 2082 talia
1666 2045 1922 2091 impugnare;
1955 2044 2051 2089 quin

383 2108 517 2153 potius
545 2108 695 2143 dudum
721 2107 908 2152 legentes
935 2106 1123 2148 Parisius‚
1155 2106 1196 2141 in
1223 2105 1370 2152 Anglia
1403 2106 1443 2142 et
1474 2105 1514 2141 in
1539 2105 1724 2141 Romana
1756 2104 1867 2139 curia
1890 2103 2051 2148 publice

383 2167 517 2203 multis
543 2166 672 2208 annis,
700 2165 849 2202 Christi
874 2165 1097 2201 assistente
1123 2165 1264 2210 gratia,
1291 2174 1373 2201 non
1401 2164 1655 2200 cessavimus
1680 2163 1722 2199 in
1748 2163 1808 2199 his
1837 2164 1877 2198 et
1901 2162 1942 2198 in
1962 2161 2051 2198 aliis

383 2225 653 2270 imperterrite
694 2225 1023 2269 irreprehensam
1064 2225 1250 2260 astruere
1289 2223 1513 2259 veritatem.
1574 2222 1817 2267 Opinionum
1855 2221 2053 2266 siquidem

385 2284 600 2320 diversitas
633 2284 740 2329 apud
772 2283 1038 2328 philosophos
1065 2293 1148 2319 11011
1176 2283 1297 2319 solvit
1323 2282 1557 2325 amicitiam;
1591 2282 1665 2318 sed
1697 2281 1802 2317 inter
1832 2281 2052 2316 modernos

384 2343 628 2387 vaniloquos
655 2342 788 2378 cordis
815 2342 975 2378 transiit
1000 2342 1041 2378 in
1067 2341 1293 2378 affectum.“

525 2410 567 2460 7)
600 2412 666 2452 Ex
697 2412 856 2452 eadem
887 2406 1137 2462 epistola4:

528 2484 768 2527 „Praeterea
793 2483 954 2519 noverit
979 2483 1067 2527 ipse
1095 2482 1203 2527 quod
1228 2482 1562 2527 philosophorum
1583 2480 1716 2517 studia
1735 2480 1899 2516 minime
1918 2489 2055 2526 repro-

387 2543 540 2583 bamus,
568 2543 770 2587 quatenus
797 2541 1002 2586 mysteriis
1028 2540 1270 2586 theologicis
1295 2540 1556 2582 famulantum
1589 2540 1662 2575 sed
1690 2538 1881 2584 profanas
1907 2549 2053 2575 vocum

388 2601 605 2643 novitates,
633 2610 739 2646 quae
761 2602 904 2637 contra
928 2600 1251 2645 philosophicam
1271 2599 1487 2636 veritatem
1513 2599 1606 2635 sunt
1630 2598 1672 2634 in
1699 2600 1930 2634 sanctorum
1956 2597 2053 2633 iniu-

388 2660 490 2696 riam
516 2660 618 2696 citra
642 2660 784 2705 viginti
810 2669 943 2695 annos
969 2659 1009 2695 in
1036 2659 1270 2695 altitudines
1303 2658 1555 2703 theologicas
1587 2657 1854 2698 introductae,
1885 2655 2055 2692 abiectis

389 2720 430 2755 et
454 2719 667 2764 vilipensis
695 2719 929 2754 sanctorum
955 2718 1253 2754 assertionibus
1281 2717 1505 2754 evidenter.
1556 2716 1670 2757 Quae
1699 2716 1750 2751 sit
1770 2724 1867 2760 ergo
1889 2714 2056 2750 solidior

389 2779 430 2814 et
462 2778 600 2814 sanior
631 2777 816 2813 doctrina
847 2777 914 2813 vel
945 2777 1119 2812 filiorum
1153 2786 1182 2812 s.
1208 2776 1425 2817 Francisci,
1459 2776 1626 2812 sanctae
1653 2774 1809 2811 scilicet
1834 2773 2054 2809 memoriae

529 2898 540 2920 1
567 2899 957 2938 Ehrle-Peckham‚
984 2907 1018 2939 p.
1048 2898 1130 2936 178;
1157 2898 1331 2936 Martin,
1359 2896 1439 2938 Req.
1464 2896 1517 2936 III,
1544 2896 1610 2929 865
1631 2905 1657 2928 8.

528 2952 542 2973 ²
567 2951 957 2991 Ehrle-Peekham,
984 2961 1018 2992 p.
1048 2951 1129 2989 179;
1156 2951 1330 2989 Martin,
1357 2949 1438 2990 Ray.
1465 2949 1518 2988 III,
1546 2949 1622 2981 866.

528 3004 543 3026 3
567 3004 955 3043 Ehrle-Peckham‚
983 3013 1016 3044 p.
1046 3004 1128 3043 184;
1155 3003 1329 3042 Martin„
1357 3002 1438 3043 Rey.
1464 3002 1517 3041 III,
1545 3002 1621 3034 899.

529 3056 544 3078 4
569 3057 956 3096 Ehrle-Peckham,
983 3066 1017 3097 p.
1046 3056 1128 3096 1863
1154 3056 1329 3095 Martin,
1357 3055 1437 3096 Rey.
1464 3055 1518 3094 ΙΙΙ,
1545 3055 1621 3087 901.
