2095 3459
122 1179 183 1212 sol.
204 1179 249 1211 38
259 1183 275 1201 θ’
286 1187 309 1210 α

324 171 370 207 30
833 172 850 204 «1
857 172 1008 204 ohannis
1035 161 1203 203 Pechami
1230 171 1481 207 Quaestiones.

326 272 388 306 est
413 278 569 314 ponere
596 270 646 305 ad
674 269 752 305 1100
779 268 879 304 duas
898 268 1068 303 animas.
1116 267 1246 303 Prima
1267 268 1460 311 probatur
1481 275 1553 311 per
1574 265 1855 301 definitionem
1876 261 1991 298 liberi

324 328 486 368 arbitrii,
513 328 621 373 quod
648 329 711 364 est
735 327 907 363 facultas
933 327 1103 362 rationis
1131 329 1171 362 et
1192 326 1411 362 voluntatis
1434 335 1513 369 qua
1532 326 1683 360 bonum
1705 324 1836 369 agitur
1863 321 1993 367 gratia

326 389 558 431 praesente,
587 388 732 423 malum
761 396 860 422 vero
887 386 1018 432 gratia
1044 385 1309 421 desistente1.

464 448 495 481 6.
523 446 621 482 Item
648 446 727 481 duo
755 447 936 481 motores
964 454 1098 490 aeque
1124 444 1240 489 primi
1267 454 1349 480 non
1377 445 1551 489 possunt
1577 452 1672 478 esse
1704 442 1863 478 ratione
1891 440 1995 476 eius-

326 505 417 541 dem
445 505 615 540 mobilis.
666 505 765 540 Item
805 514 881 540 nec
919 505 999 540 duo
1036 504 1199 548 spiritus
1234 503 1351 539 simul
1390 504 1430 538 in
1470 503 1616 539 eodem
1657 509 1840 546 corpore.
1889 498 2031 544 Ergo⁵

326 565 449 600 multo
477 564 605 609 magis
633 565 738 600 duae
765 564 939 604 animae,
978 572 1084 607 quae
1120 564 1214 598 sunt
1238 562 1395 598 formae
1424 561 1612 606 propriae
1641 562 1681 596 et
1707 558 1995 605 perfectiones,

327 633 406 658 non
436 624 607 667 possunt
634 632 729 658 esse
757 622 797 658 in
824 623 970 658 eodem
999 631 1183 667 corpore.

1073 740 1252 777 Contra.

467 825 496 859 1.
523 824 587 859 Ad
606 823 694 859 Gal.
716 823 760 859 V.
782 823 869 868 (17).
898 822 1023 866 „Caro
1052 822 1304 867 concupiscit
1329 822 1530 859 adversus
1558 821 1741 866 spiritum
1768 820 1809 856 et
1834 818 1998 864 spiritus

327 884 526 920 adversus
549 885 746 919 carnem.“
791 882 1011 918 Glossa2:
1039 881 1142 918 Caro
1165 882 1308 918 dicitur
1328 881 1622 926 concupiscere
1645 879 1787 916 contra
1805 877 1998 923 spiritum,

328 943 422 988 quia
459 943 537 978 1100
574 943 706 987 ipsum
745 942 970 977 secundum
1011 941 1193 986 spiritum
1230 941 1313 986 agit
1347 940 1494 976 anima.
1543 939 1586 975 In
1613 939 1692 975 ista
1718 938 1838 984 igitur
1864 945 2000 982 pugna

328 1002 411 1048 agit
436 1002 651 1046 utrobique
679 1001 825 1037 anima.
875 1000 935 1036 Ex
960 1001 1038 1036 hoc
1072 1000 1131 1036 sic
1165 1000 1366 1045 arguitur:
1406 999 1544 1045 Pugna
1583 998 1839 1034 diversarum
1877 995 2001 1041 quali-

329 1063 454 1097 tatum
482 1061 522 1096 in
549 1070 722 1105 corpore
749 1070 823 1105 per
850 1059 1067 1104 qualitates
1103 1059 1259 1095 activas
1298 1058 1537 1094 necessario
1577 1056 1782 1093 concludit
1817 1055 2000 1091 rationes

331 1120 609 1156 essentialiter
634 1120 820 1155 diversas
849 1128 974 1164 super
1001 1128 1102 1163 quas
1128 1118 1321 1154 fundatur
1347 1127 1494 1162 pugna,
1531 1117 1687 1152 scilicet
1722 1114 2000 1152 diversitatem

331 1178 582 1215 miscibilium
603 1182 616 1221 11
635 1179 674 1214 in
701 1178 827 1214 mixto
839 1181 863 1213 3.
907 1177 1013 1223 Ergo
1041 1187 1065 1213 a
1086 1178 1204 1213 simili
1224 1178 1328 1213 duae
1352 1179 1470 1212 erunt
1491 1175 1746 1212 substantiae
1768 1173 1999 1219 spirituales
2038 1177 2053 1201 ⁵

330 1238 532 1279 diversae,
559 1247 583 1274 a
610 1238 754 1283 quibus
781 1237 827 1273 fit
853 1238 919 1273 illa
946 1237 1216 1273 contrarietas
1245 1239 1424 1272 motuum
1451 1235 1491 1271 in
1518 1235 1694 1271 homine.

457 1299 489 1333 2.
510 1297 608 1332 Item
623 1296 761 1333 Philo
775 1306 794 1332 s
808 1297 934 1341 ophu
948 1300 992 1332 s⁴
1007 1297 1153 1341 probat
1173 1304 1384 1332 numerum
1407 1296 1607 1330 motorum
1630 1303 1683 1330 ex
1708 1292 2000 1338 multiplicitate

331 1358 521 1392 motuum.
569 1356 694 1392 Etiam
723 1356 842 1392 unius
868 1356 1051 1400 corporis
1073 1356 1205 1391 motus
1227 1355 1415 1390 diversos
1437 1354 1580 1390 astruit
1601 1362 1697 1389 esse
1719 1351 1957 1388 necessario
1978 1361 2002 1387 a

332 1415 554 1451 motoribus
583 1415 904 1451 substantialiter
930 1415 1116 1451 diversis.
1168 1413 1209 1450 Si
1236 1423 1334 1459 ergo
1362 1414 1401 1449 in
1430 1423 1509 1449 uno
1537 1412 1702 1448 homine
1740 1413 1834 1447 sunt
1868 1412 2001 1447 motus

331 1474 523 1510 contrarii
562 1476 602 1510 et
636 1474 799 1515 diversi,
837 1476 954 1510 erunt
994 1474 1231 1509 necessario
1271 1473 1309 1508 in
1347 1473 1436 1517 ipso
1473 1471 1703 1508 contrariae
1746 1470 2001 1506 substantiae

332 1533 564 1578 spirituales
592 1535 808 1569 moventes
838 1535 912 1569 etc.

469 1594 501 1628 3.
528 1592 626 1628 Item
652 1592 730 1628 hoc
758 1594 821 1628 est
848 1593 1007 1637 pondus
1035 1592 1074 1627 in
1097 1591 1347 1636 corporibus,
1375 1591 1482 1636 quod
1504 1591 1567 1626 est
1587 1599 1703 1626 amor
1722 1589 1764 1625 in
1785 1589 2002 1634 spiritibus.

334 1652 411 1688 Sed
434 1651 529 1687 nihil
552 1651 688 1696 potest
707 1652 859 1687 habere
881 1652 1066 1696 pondera
1092 1651 1256 1686 diversa
1282 1649 1360 1686 nisi
1387 1659 1460 1694 per
1486 1649 1654 1685 diversa.
1677 1647 2003 1693 pondera<ntia>.

332 1710 436 1756 Ergo
464 1720 542 1746 nec
567 1710 771 1755 appetitus
800 1710 986 1746 diversos
1016 1710 1092 1745 nisi
1118 1719 1191 1754 per
1212 1708 1415 1745 contraria
1435 1707 1682 1753 appetentia.
1723 1706 1832 1753 ‘Ergo
1855 1706 1889 1742 si
1910 1706 2003 1741 sunt

2021 882 2052 907 10

2022 1471 2055 1496 21)

333 1769 370 1805 in
399 1769 564 1805 homine
592 1769 796 1814 appetitus
824 1769 1026 1809 contrarii,
1066 1769 1142 1804 1100
1170 1769 1331 1813 oportet
1358 1776 1453 1802 esse
1483 1776 1554 1811 per
1580 1766 1737 1802 animas
1766 1764 2003 1801 contrarias.
2024 1771 2057 1797 25·

471 1830 503 1864 4.
531 1828 629 1864 Item
657 1828 690 1863 si
717 1828 828 1864 dicas
857 1828 965 1873 quod
992 1828 1155 1872 spiritus
1184 1830 1247 1863 est
1274 1827 1349 1862 sibi
1377 1826 1603 1862 contrarius
1643 1825 1683 1861 in
1721 1826 1913 1869 quantum
1953 1822 2005 1859 ad

334 1897 500 1924 carnem
526 1886 710 1929 afficitur,
737 1908 782 1912 —-
809 1888 969 1923 contra:
998 1887 1315 1931 unumquodque
1343 1886 1432 1930 plus
1460 1895 1505 1921 se
1533 1884 1660 1930 diligit
1681 1894 1800 1929 quam
1822 1883 2003 1919 alterum.

334 1946 438 1992 Ergo
466 1956 538 1991 pro
567 1946 674 1982 nullo
701 1946 781 1982 alio
809 1948 945 1990 potest
971 1946 1121 1990 aliquid
1150 1955 1244 1981 esse
1273 1945 1348 1981 sibi
1376 1944 1633 1980 contrarium.
1684 1943 1787 1989 Ergo
1823 1942 2005 1984 <anima>

338 2015 555 2050 numquam
582 2005 772 2041 affectum
799 2006 850 2041 ad
878 2014 1042 2041 carnem
1071 2006 1208 2040 movet
1235 2006 1378 2040 contra
1404 2003 1597 2048 spiritum.

475 2067 506 2101 5.
533 2065 631 2100 Item
659 2073 781 2100 omne
808 2074 938 2110 agens
964 2065 1089 2100 habet
1116 2064 1295 2108 speciem
1325 2066 1365 2098 et
1402 2062 1624 2098 motionem
1664 2061 1703 2097 in
1742 2062 1845 2101 actu,
1885 2055 2004 2105 quale

338 2126 400 2159 est
427 2124 575 2159 mobile
603 2124 643 2159 in
670 2124 889 2168 potentia-³.
938 2123 1043 2170 Ergo
1072 2124 1105 2159 si
1132 2124 1268 2159 anima
1294 2124 1433 2158 movet
1459 2131 1607 2167 corpus
1634 2122 1684 2157 ad
1719 2121 1878 2158 malum.
1916 2120 2006 2164 ipsa

338 2185 401 2218 est
426 2183 465 2218 in
494 2193 540 2219 se
568 2184 683 2225 mala,
711 2185 753 2220 et
772 2193 878 2229 quae
899 2185 949 2219 ad
969 2184 1122 2219 bonum
1140 2183 1288 2221 movet,
1316 2184 1380 2218 est
1400 2182 1518 2217 bona.
1552 2180 1657 2226 Ergo
1679 2181 1717 2216 in
1740 2189 1820 2216 uno
1842 2179 2005 2215 homine

339 2245 401 2277 est
426 2252 508 2278 una
534 2242 670 2279 anima
695 2244 805 2279 bona
833 2245 873 2279 et
898 2243 1027 2279 altera
1054 2242 1170 2278 mala.

479 2340 670 2380 15·mixto!
697 2342 851 2374 motibus
950 2341 990 2372 18
1017 2340 1228 2372 necessario
1255 2339 1287 2377 al
1318 2339 1355 2377 4-
1385 2339 1539 2371 diversis
1631 2338 1672 2370 19
1698 2335 1907 2375 motoribus]
1935 2344 2006 2368 mo-

338 2394 431 2426 tibus
529 2394 664 2426 31—32
692 2395 799 2435 quale
825 2393 893 2432 est}
920 2395 976 2426 est
1002 2393 1109 2433 quale

480 2494 489 2516 ¹
519 2494 705 2532 „Liberum
731 2494 915 2527 arbitrium
941 2494 997 2526 est
1023 2494 1176 2526 facultas
1202 2493 1352 2526 rationis
1378 2493 1414 2525 et
1438 2492 1645 2531 voluntatis,
1683 2500 1754 2532 qua
1788 2492 1919 2524 bonum
1946 2490 2007 2522 eli-

341 2554 434 2595 gitur
459 2554 577 2595 gratia
602 2554 807 2592 assistente,
835 2554 894 2586 vel
920 2553 1052 2585 malum
1079 2552 1206 2585 eadem
1233 2550 1464 2584 desistente.“
1491 2551 1591 2591 May.
1607 2549 1703 2583 Sem.
1724 2550 1783 2582 lib.
1798 2550 1836 2589 Il,
1857 2550 1937 2582 dist.
1953 2549 2006 2588 24,

340 2615 369 2640 0.
396 2607 415 2639 3
443 2606 634 2646 (Bonam,
664 2606 728 2647 Op.
760 2606 865 2639 Omn.
892 2606 931 2645 ΙΙ,
959 2606 1025 2638 550
1046 2604 1094 2645 b).
1144 2605 1242 2637 Haec
1280 2605 1442 2637 definitio
1480 2605 1625 2644 sumpta
1659 2604 1715 2636 est
1749 2612 1797 2635 ex
1826 2603 2007 2643 Hugone

340 2659 451 2698 (Sem.
478 2660 531 2699 111,
558 2660 595 2698 8;
621 2660 677 2692 PL
704 2660 780 2698 176,
803 2658 894 2699 101),
927 2659 987 2691 ubi
1012 2659 1262 2700 Augustino
1288 2658 1395 2690 tribui
1421 2657 1572 2690 videtur.
1623 2656 1824 2689 Secundum
1849 2655 2006 2688 Alber-

341 2715 429 2745 tum
448 2713 645 2754 Magnum
671 2709 722 2754 (S.
744 2721 777 2753 p.
798 2712 837 2751 II,
857 2713 899 2744 tr.
922 2713 953 2751 4,
981 2721 1012 2752 q.
1040 2712 1092 2750 16,
1120 2720 1163 2743 m.
1183 2712 1196 2743 1
1214 2710 1309 2751 seq.)
1335 2712 1481 2751 sumpta
1507 2711 1562 2743 est
1588 2719 1634 2742 ex
1659 2710 1781 2750 Aug,
1809 2709 1859 2741 De
1878 2708 2007 2741 Libero

341 2766 505 2798 Arbitrio
530 2766 554 2805 I,
581 2766 611 2804 7,
638 2774 671 2799 11.
700 2766 742 2798 16
768 2774 873 2806 seqq.
923 2765 1013 2798 Vide
1038 2765 1213 2803 Bonav.,
1244 2765 1308 2805 Op.
1336 2773 1435 2796 omn.
1462 2763 1499 2799 ΙΙ,
1528 2762 1626 2795 592⁰.

478 2818 493 2840 2
520 2819 655 2851 Glossa
681 2819 902 2857 ordinaria,·
926 2818 983 2850 PL
1009 2818 1084 2857 114,
1113 2818 1189 2850 584.

479 2870 494 2893 ³
520 2871 590 2904 Cir.
616 2872 793 2911 Bonav.,
824 2871 889 2912 Op.
919 2871 1024 2904 Omn.
1050 2870 1091 2910 V,
1119 2870 1183 2903 221
1200 2879 1231 2903 a.

480 2924 494 2945 ⁴
520 2925 681 2965 Metaph.
707 2925 762 2963 XI,
790 2924 809 2956 8
836 2923 920 2963 (XII,
946 2924 1034 2956 text.
1062 2922 1140 2962 42);
1163 2923 1413 2961 Averroes,
1440 2922 1533 2963 Epic.
1560 2923 1601 2954 in
1626 2921 1788 2963 Metaph.
1814 2920 1870 2954 IV,

480 2977 494 2997 ἵ·
520 2977 590 3010 Cir.
617 2976 793 3016 Scotus,
825 2976 939 3009 Ooeon.
966 2977 1005 3015 ΙΙ,
1025 2976 1058 3008 d.
1074 2977 1128 3015 25,
1154 2985 1187 3008 n.
1205 2975 1256 3008 12.
1286 2975 1431 3016 „Agens
1453 2975 1559 3015 quale
1579 2975 1615 3007 in
1641 2975 1733 3013 actu,
1760 2974 1833 3006 tale
1858 2981 2006 3014 passum

342 3030 378 3062 in
403 3028 599 3071 potentia“.

2025 2021 2058 2044 ἶὶυ
