2095 3459
320 200 366 235 44
830 202 851 233 J
854 201 1007 234 ohannis
1033 201 1202 234 Pechami
1228 201 1480 238 Quaestiones.

320 301 363 336 ut
388 299 430 335 in
456 299 679 335 subiecto1.
719 298 799 335 Sed
826 307 900 344 per
925 299 1079 334 motum
1106 297 1210 334 caeli
1227 297 1325 334 nihil
1346 298 1508 343 deperit
1525 299 1642 335 rotae
1663 299 1730 335 vel
1750 299 1877 335 motui
1897 299 1994 335 eius.

320 358 425 404 Ergo
454 359 517 394 est
542 359 704 403 tempus
730 358 773 394 in-
798 357 888 403 ipso
916 358 959 393 ut
984 357 1026 393 in
1053 357 1250 393 subiecto.
1300 357 1348 393 Et
1373 358 1416 393 ut
1441 358 1602 402 tempus
1630 358 1742 394 certe
1769 367 1894 394 unum
1921 359 1994 394 est.

66 417 97 449 A
118 417 180 449 rol.
202 416 303 448 21v1,
324 416 527 458 Quoniam
554 417 589 453 si
613 417 751 462 plures
779 417 920 453 essent
945 416 1061 456 caeli,
1087 417 1249 461 tempus
1275 417 1413 453 tamen
1441 417 1556 453 esset
1586 426 1710 452 unum
1728 418 1742 460 li
1761 418 1802 453 et
1828 417 1994 453 omnino

43 777 72 809 B
92 777 300 809 rol.168ra

320 477 384 513 est
407 475 659 521 impossibile
700 485 796 512 esse
835 476 987 511 motum
1026 475 1116 511 sine
1154 476 1352 520 tempore,
1388 476 1526 512 tamen
1564 476 1733 521 quilibet
1770 477 1904 512 motus
1944 476 1996 512 sit

319 535 530 572 sufficiens
558 545 684 572 causa
709 535 906 581 temporis
946 534 1200 571 sufficienter
1236 534 1501 571 numerabilis
1541 535 1767 571 secundum
1804 535 1914 580 prius
1954 536 1995 572 et
2014 542 2030 567 5

318 595 537 640 posterius.

459 655 514 690 29.
541 654 641 690 Item
660 653 797 690 anima
818 653 1018 690 sensitiva
1037 654 1175 699 potest
1195 663 1291 690 esse
1313 653 1430 689 simul
1451 653 1492 689 in
1512 653 1705 698 pluribus.
1742 653 1847 699 Ergo
1868 654 1993 690 multo

319 713 449 759 magis
464 713 724 749 intellectiva.
750 712 883 749 Prima
897 713 1093 758 probatur
1105 722 1180 758 per
1194 712 1535 759 Augustinum,
1554 712 1617 748 De
1632 712 1808 749 Civitate
1827 705 1993 749 XVIII2:

320 772 437 813 Quod
458 772 755 817 phantasticum
774 772 950 808 hominis
970 772 1011 810 in
1032 772 1197 808 homine
1216 772 1383 808 vivente
1404 772 1455 808 ad
1474 773 1487 813 Ιί
1505 771 1663 808 alienos
1689 781 1837 808 sensus
1863 771 1994 818 figura

320 841 520 877 corporea
545 832 713 876 perduci
739 832 876 877 potest
903 832 943 867 et
968 831 1024 867 ita
1051 841 1147 867 esse
1173 841 1248 877 per
1274 841 1538 876 consequens
1565 831 1683 867 simul
1708 831 1749 867 in
1781 831 1991 871 diversis?
2013 835 2046 861 10

458 890 546 936 (10.)
571 891 627 927 30.
653 891 751 927 Item
772 891 877 927 haec
896 890 1104 927 sententia
1125 890 1358 927 confirmari
1376 891 1515 935 potest
1533 900 1607 935 per
1621 890 1994 935 Philosophum4

319 950 387 995 qui
411 950 548 995 posuit
573 950 766 986 mundum
792 951 1007 986 aeternum
1032 960 1111 986 nec
1136 960 1315 995 unquam
1341 959 1534 986 cessasse
1561 958 1762 995 generare
1785 949 1993 986 hominem

318 1009 383 1045 vel
410 1009 601 1045 animalia
628 1010 668 1045 et
693 1009 865 1054 plantas.
910 1009 951 1045 Si
978 1018 1077 1054 ergo
1104 1009 1250 1045 infiniti
1276 1009 1465 1045 homines
1492 1010 1817 1054 praecesserunt
1843 1010 1883 1045 et
1909 1009 1993 1055 qui-

317 1069 415 1105 libet
440 1068 579 1104 habuit
605 1068 782 1104 animam
810 1078 925 1105 suam
965 1069 1005 1104 et
1042 1078 1126 1104 non
1161 1068 1386 1109 mortalem,
1427 1077 1525 1114 ergo
1561 1069 1654 1104 sunt
1688 1069 1782 1104 actu
1807 1068 1991 1105 infinitae

317 1127 479 1164 animae
490 1130 515 1163 5.
567 1127 683 1168 Quod
711 1128 774 1164 est
799 1127 1065 1172 impossibile,
1092 1126 1187 1172 quia
1205 1127 1566 1172 Philosophus6
1591 1128 1716 1174 negat
1740 1137 1868 1173 posse
1895 1138 1991 1165 esse
2012 1131 2045 1157 15

317 1186 474 1223 infinita
499 1188 602 1223 actu.

456 1246 808 1291 Respondebatur,
836 1246 945 1292 quod
964 1245 1302 1291 Philosophus
1328 1256 1411 1282 non
1431 1246 1555 1282 habet
1580 1256 1654 1291 pro
1681 1246 1991 1284 inconvenienti

316 1305 474 1341 infinita
501 1315 595 1341 esse
623 1307 725 1347 actu,
762 1305 840 1342 nisi
877 1306 917 1341 in
956 1306 1151 1351 quantum
1190 1306 1415 1351 sequuntur
1453 1306 1698 1343 divisionem
1736 1307 1990 1344 materialem

317 1364 508 1406 continui,
556 1364 650 1409 quia
686 1366 783 1401 tunc
818 1366 956 1410 partes
995 1365 1176 1401 continui
1215 1365 1405 1402 diversae
1441 1366 1785 1402 transcenderent
1831 1366 1990 1412 capaci—

316 1424 441 1460 tatem
468 1424 582 1460 caeli.
2007 1432 2043 1459 20

456 1482 625 1520 Contra:
664 1483 837 1520 Animae
864 1483 899 1519 si
925 1485 1019 1520 sunt
1045 1483 1228 1520 infinitae
1254 1485 1359 1526 actu,
1398 1484 1508 1520 Deus
1534 1485 1672 1529 potest
1698 1485 1862 1521 cuilibet
1888 1486 1987 1522 dare

318 1552 476 1588 corpus.
526 1542 630 1589 Ergo
656 1543 814 1579 infinita
856 1544 958 1580 sunt.
1009 1543 1122 1580 Haec
1157 1545 1331 1588 possunt
1368 1553 1463 1580 esse
1503 1554 1678 1589 corpora
1716 1545 1820 1587 actu,
1859 1546 1900 1581 et
1931 1545 1988 1582 ita

316 1601 423 1638 idem
450 1603 513 1638 est
538 1602 836 1643 inconveniens
862 1603 913 1639 de
940 1613 1021 1639 uno
1049 1603 1151 1639 sicut
1177 1603 1227 1640 de
1254 1604 1345 1640 alio.

454 1661 554 1698 Item
589 1662 794 1706 quaelibet
834 1663 1021 1698 creatura
1057 1663 1167 1698 bona
1201 1662 1313 1699 addit
1353 1663 1522 1699 bonitati
1559 1663 1751 1700 universi.
1807 1664 1912 1711 Ergo
1952 1665 1987 1701 si

318 1722 460 1757 essent
484 1722 578 1757 actu
602 1721 786 1757 infinitae
812 1722 985 1763 animae,
1012 1721 1248 1758 universum
1275 1723 1387 1758 esset
1411 1723 1606 1759 bonitatis
1632 1722 1826 1760 infinitae.
2004 1728 2038 1754 25

455 1780 554 1816 Item
581 1780 615 1816 si
642 1781 782 1816 essent
807 1780 1002 1821 infinitae,
1039 1781 1245 1826 quaelibet
1272 1782 1386 1817 esset
1419 1781 1587 1818 infinita.
1636 1782 1724 1819 Hoc
1749 1784 1878 1828 probo
1907 1784 1984 1820 sic:

318 1839 535 1879 Quodlibet
560 1839 809 1876 individuum
834 1840 953 1876 unius
982 1840 1137 1885 speciei
1162 1840 1297 1877 differt
1322 1841 1363 1877 in
1387 1841 1522 1886 aliquo
1543 1851 1568 1878 a
1588 1842 1769 1887 quolibet
1789 1843 1880 1885 alio,
1907 1853 1985 1880 nec

316 1898 356 1934 in
381 1898 543 1943 penitus
571 1899 717 1935 eodem
744 1898 879 1935 differt
903 1900 954 1935 ab
981 1909 1062 1935 uno
1092 1900 1132 1935 et
1157 1900 1208 1935 ab
1235 1899 1328 1936 alio.
1377 1899 1483 1947 Ergo
1510 1901 1545 1937 si
1571 1901 1706 1937 differt
1726 1903 1777 1938 ab
1804 1902 1984 1945 infinitis,

314 1958 437 1994 habet
462 1957 641 1994 infinitas
667 1958 849 1995 rationes
871 1958 1088 1995 differendi
1109 1960 1149 1995 et
1169 1960 1446 2004 proprietates·
1463 1960 1696 1997 nobilitatis.
1734 1961 1839 2007 Ergo
1861 1971 1982 2007 quae-

313 2017 411 2053 libet
437 2018 498 2053 est
522 2017 690 2054 infinita.
2002 2024 2037 2049 30

453 2153 471 2185 2
499 2154 596 2185 certe
631 2152 751 2192 unum]
789 2152 819 2185 A
854 2155 989 2185 certum
1111 2154 1129 2186 3
1156 2153 1289 2192 tamen]
1326 2154 1358 2186 B
1391 2155 1527 2186 tantum
1648 2156 1666 2187 7
1694 2155 1811 2195 simul]
1847 2156 1877 2188 A
1911 2166 1980 2189 om.

316 2205 357 2238 10
383 2205 501 2245 simul]
529 2207 558 2237 A
586 2215 657 2239 om.
738 2207 779 2240 12
806 2206 975 2247 unquam]
1002 2216 1186 2247 nunquam
1261 2207 1302 2239 13
1329 2208 1623 2247 praecesserunt]
1648 2208 1677 2251 ᾼ
1706 2217 1776 2241 om.
1853 2210 1893 2242 14
1919 2210 1981 2242 ha-

314 2258 400 2298 buit]
434 2259 465 2291 A
491 2261 802 2293 communicabunt
875 2259 989 2299 suam]
1026 2261 1055 2292 Β
1087 2261 1224 2293 scilicet
1322 2261 1363 2293 15
1390 2261 1513 2302 negat]
1539 2261 1571 2293 B
1605 2254 1742 2300 -l-'non
1839 2263 1880 2295 17
1914 2263 1981 2296 Re-

313 2313 569 2353 spondebatur]
588 2313 618 2346 A
639 2314 897 2354 Respondebat
951 2314 1233 2353 inconvenienti]
1257 2314 1288 2346 B
1313 2314 1548 2348 incontinenti
1645 2316 1686 2348 18
1713 2316 1924 2357 sequuntur]
1951 2318 1982 2350 B

313 2366 476 2406 sequitur
572 2367 704 2399 19—21
733 2367 901 2399 diversae
926 2368 1227 2400 transcenderunt
1252 2368 1490 2408 capacitatem
1518 2369 1620 2401 caeli.
1654 2369 1804 2402 Contra:
1827 2369 1980 2403 Animae

313 2419 344 2451 si
369 2421 451 2452 sunt
475 2420 650 2459 infinitae]
676 2421 706 2453 B
732 2421 899 2453 diversae
916 2421 1136 2453 -infinitae
1161 2422 1195 2453 et
1219 2421 1316 2453 Deus
1343 2430 1413 2454 om.
1524 2422 1566 2454 22
1593 2422 1691 2455 Haec
1717 2424 1870 2463 possunt
1896 2432 1979 2457 esse

313 2472 478 2513 corpora]
504 2473 535 2505 B
561 2475 713 2513 possunt
737 2474 828 2506 haec
854 2483 936 2507 esse
964 2475 1046 2507 actu
1141 2474 1183 2506 26
1211 2473 1321 2513 esset]
1350 2475 1378 2506 Β
1404 2483 1486 2507 esse

451 2614 463 2636 ¹
489 2616 648 2648 Eandem
674 2618 1021 2657 argumentationem
1059 2617 1142 2649 vide
1176 2618 1272 2658 apud
1308 2618 1678 2657 Bonaventuram,
1720 2618 1785 2660 Op.
1813 2628 1911 2652 omn.
1937 2619 1977 2659 ΙΙ,

313 2669 392 2701 598
417 2667 555 2709 (opinio
583 2668 626 2708 1),
666 2670 726 2710 qui
752 2670 860 2702 affert
884 2670 1045 2702 rationes
1070 2670 1321 2711 Augustini.
1373 2671 1443 2703 Cfr.
1480 2671 1642 2704 confess.
1677 2672 1732 2711 XI,
1761 2673 1803 2705 23
1830 2671 1878 2712 (n.
1907 2671 1976 2712 29),

313 2722 354 2754 27
382 2720 429 2760 (n.
457 2721 535 2761 36);
563 2722 614 2754 De
641 2723 727 2755 Gen.
756 2723 807 2755 ad
830 2723 895 2755 Lit.
922 2723 1008 2761 VIII,
1036 2723 1090 2762 20,
1118 2723 1172 2762 24,
1199 2724 1259 2762 26;
1288 2724 1436 2763 Quaest.
1463 2725 1507 2757 65
1533 2725 1585 2757 ad
1612 2725 1788 2758 orosium
1815 2735 1847 2766 q.
1875 2726 1929 2758 41.

449 2773 464 2796 2
489 2775 605 2810 XVIII.
634 2776 675 2808 18
703 2775 773 2815 (PL
799 2776 851 2815 41,
880 2777 945 2808 575
972 2786 1005 2809 n.
1033 2775 1078 2816 2).

450 2828 465 2849 3
491 2829 559 2861 Cfr.
586 2829 793 2868 Thomas,
819 2829 871 2862 De
896 2829 992 2871 Spir.
1021 2830 1150 2868 creat..
1178 2830 1242 2862 art.
1269 2830 1314 2862 IX
1339 2839 1372 2863 n.
1402 2831 1454 2863 12.

449 2880 463 2902 4
493 2882 576 2923 Top.
604 2882 627 2922 I,
654 2883 684 2915 9.
711 2882 781 2915 Sed
808 2883 870 2915 cfr.
897 2882 1045 2916 Meteor.
1073 2883 1110 2922 ΙΙ,
1138 2883 1157 2916 3
1184 2884 1219 2916 et
1244 2883 1295 2916 De
1322 2883 1432 2916 Caelo
1458 2884 1480 2923 I,
1509 2885 1551 2917 10
1577 2883 1679 2923 (text.
1710 2885 1772 2918 102
1797 2886 1927 2926 seqq).

449 2933 464 2956 5
489 2934 670 2976 Sigerus
695 2935 733 2974 II,
763 2936 838 2968 167.

449 2987 464 3009 ⁶
489 2988 558 3021 Cfr.
586 2989 693 3029 Phys.
719 2989 773 3028 111,
801 2990 819 3021 5
846 2988 948 3028 (text.
977 2989 1019 3021 40
1046 2988 1183 3031 seqq.);
1218 2990 1270 3022 De
1297 2990 1407 3023 Caelo
1433 2991 1456 3030 Ι,
1484 2992 1503 3023 5
1529 2990 1631 3030 (text.
1659 2992 1700 3024 33
1728 2991 1863 3032 seqq.);
1902 2992 1972 3026 Me-

312 3041 413 3081 taph.
440 3041 479 3080 X,
508 3041 549 3074 10
575 3040 644 3080 (XI,
672 3041 718 3081 9).
