2095 3459
778 204 963 243 'Quaestio
991 207 1045 239 lV.
1729 207 1769 241 51

232 301 415 347 Amplius
444 311 521 338 nec
548 303 719 339 materia
746 304 809 339 est
835 304 921 352 tota
947 313 1073 340 causa
1099 304 1446 346 individuationis,
1484 315 1573 341 cum
1603 306 1774 342 materia

92 362 269 406 ponatur
295 371 376 397 una
403 362 441 397 in
471 362 622 404 multis;
651 363 724 398 sed
752 363 1094 408 complementum
1120 364 1455 400 individuationis
1478 366 1542 400 est
1561 374 1586 401 a
1605 364 1771 401 forma1.

90 419 138 456 Et
164 420 441 462 Avicenna,
478 421 532 457 VI.
561 422 881 458 Naturalium&
925 422 1101 465 „Nomen
1139 423 1304 460 animae
1344 434 1426 460 non
1462 424 1683 469 imponitur
1720 434 1773 460 ex

92 480 169 516 hoc
195 480 305 526 quod
332 481 396 516 est
423 482 663 523 substantia,
697 482 770 517 sed
800 491 853 517 ex
880 483 957 518 hoc
984 483 1092 527 quod
1118 483 1225 528 regit
1252 492 1427 528 corpora
1453 485 1494 519 et
1518 484 1694 520 refertur
1720 485 1771 520 ad

55 539 168 581 silla,
208 540 249 576 et
285 539 437 576 idcirco
476 540 622 585 recipit
648 549 797 586 corpus
837 541 876 577 in
916 541 977 577 sui
1017 541 1258 578 definitione
1295 543 1336 578 et
1373 542 1467 578 ideo
1494 543 1691 579 tractatus
1721 544 1772 579 de

91 598 227 636 anima
251 598 326 635 fuit
353 600 404 635 de
432 599 606 636 scientia
632 600 816 636 naturali.
867 600 1060 636 Tractare
1088 601 1196 637 enim
1224 602 1275 638 de
1303 601 1440 638 anima
1461 603 1526 638 est
1546 603 1772 639 secundum

91 658 200 704 quod
226 659 351 695 habet
377 659 727 704 comparationem
754 660 805 696 ad
832 660 1044 696 materiam
1072 662 1113 696 et
1138 662 1325 697 motum.“

230 718 414 764 Amplius
441 728 519 755 nec
546 719 730 764 sequitur
755 719 864 764 quod
891 729 973 755 non
1001 719 1053 755 sit
1078 719 1244 765 aliquod
1271 730 1346 756 ens
1382 720 1641 766 particulare,
1678 722 1773 767 quia

90 777 215 814 habet
240 777 347 819 illud,
375 787 449 822 per
475 779 585 823 quod
613 780 676 814 est
703 778 916 814 multitudo
944 779 984 814 in
1012 779 1252 815 substantiis
1287 780 1502 824 separatis,
1543 780 1647 816 sicut
1682 781 1771 826 ipse

39 842 72 868 10
90 835 275 873 fateturss.
324 836 430 883 Ergo
458 837 620 873 videtur
640 837 717 873 sibi
744 838 1027 874 contradicere
1055 838 1095 874 in
1121 838 1199 874 hac
1225 839 1354 883 parte.

232 895 460 946 Secundo
479 898 493 939 Η
512 896 716 941 processit
743 906 858 933 error
883 896 961 933 iste
988 897 1026 932 in
1055 896 1159 933 falsa
1180 898 1514 935 consideratione
1537 899 1695 935 virtutis
1717 900 1774 935 in·
1792 897 1822 930 Β
1844 898 1904 930 rol.
1930 899 2051 931 169ra

90 955 279 992 tellectus
307 955 528 1001 possibilis,
565 957 648 992 tam
683 956 842 992 virtutis
878 956 1038 992 activae
1065 966 1187 1001 quam
1213 957 1420 1002 passivae.
1470 957 1518 993 Et
1543 958 1704 995 activae
1732 959 1772 994 in

91 1015 432 1051 communicando
461 1024 506 1051 se
535 1015 670 1051 multis
697 1025 771 1060 per
809 1016 973 1052 modum
1012 1015 1279 1061 perfectionis
1320 1018 1360 1053 et
1397 1016 1443 1053 in
1478 1018 1771 1063 cognoscendo

90 1074 215 1111 multa
252 1074 293 1110 in
331 1075 466 1110 multis
507 1076 548 1111 et
585 1075 626 1111 in
662 1075 901 1120 recipiendo
937 1076 1063 1112 multa
1089 1076 1207 1112 simul
1234 1085 1258 1112 a
1284 1076 1431 1113 multis.
1481 1077 1524 1113 In
1552 1077 1772 1113 communi-

39 1143 71 1169 15
91 1134 222 1170 cando
244 1144 302 1175 se,
329 1134 506 1178 inquam.
534 1134 574 1170 in
596 1135 741 1176 multis,
766 1135 861 1180 quia
881 1135 1237 1171 indeterminatam
1259 1136 1457 1172 credebat
1477 1145 1573 1172 esse
1594 1136 1771 1173 animam

90 1194 131 1228 et
150 1202 233 1229 non
255 1194 518 1230 contractam.
552 1193 723 1230 Dicebat
743 1203 833 1230 eam
856 1203 951 1230 esse
979 1204 1003 1230 a
1029 1195 1116 1239 pari
1143 1194 1261 1230 simul
1284 1195 1354 1231 uni
1381 1196 1421 1231 et
1448 1196 1638 1232 omnibus
1665 1205 1772 1232 com-

89 1252 374 1289 municabilem
387 1256 412 1289 4.

218 1311 270 1348 Ut
290 1312 504 1358 dupliciter
525 1313 699 1349 errabat.
729 1312 1044 1358 Circumscripta
1064 1314 1230 1359 propria
1248 1314 1514 1350 inclinatione
1535 1314 1697 1350 animae
1718 1314 1769 1351 ad

91 1381 238 1417 corpus
266 1372 484 1417 proprium,
512 1372 698 1417 quamvis
725 1372 862 1408 anima
887 1373 1098 1409 rationalis
1126 1373 1178 1409 sit
1204 1373 1477 1410 determinata
1506 1383 1580 1419 per
1606 1374 1771 1410 modum

37 1438 71 1464 20
90 1431 344 1476 particularis
371 1432 466 1477 vagi
484 1432 498 1474 ΙΙ
516 1432 556 1468 et
592 1441 674 1467 non
710 1431 873 1477 alligati,
912 1441 995 1468 non
1030 1433 1168 1469 tamen
1203 1442 1279 1478 per
1313 1433 1478 1469 modum
1508 1433 1766 1474 universalis,
1792 1430 1819 1462 Α
1843 1431 1904 1464 fol.
1933 1431 2041 1464 222'12‘

90 1500 180 1526 cum
207 1500 290 1527 non
318 1491 369 1527 sit
395 1491 524 1537 magis
551 1491 767 1527 absolutae
795 1491 859 1527 vel
890 1491 997 1527 latae
1027 1492 1237 1528 essentiae
1268 1502 1389 1537 quam
1415 1492 1578 1528 animae
1606 1502 1771 1537 separa-

90 1551 167 1586 tae.
218 1550 317 1586 Item
344 1551 527 1587 secundo
556 1551 719 1586 errabat
740 1550 835 1595 quia
856 1551 1051 1587 credebat
1071 1551 1261 1587 virtutem
1283 1552 1371 1587 eius
1396 1552 1448 1588 ad
1474 1552 1553 1588 hoc
1577 1551 1769 1588 sufficere

91 1610 133 1645 ut
170 1610 303 1655 possit
339 1610 456 1646 simul
491 1610 640 1646 multos
678 1611 718 1646 et
745 1610 931 1646 diversos
959 1610 1161 1655 perficere
1173 1613 1197 1646 ⁵.
1251 1610 1367 1651 Quod
1396 1612 1520 1656 negat
1545 1611 1770 1647 Philoso-

92 1669 230 1713 phus,
269 1679 431 1715 ponens
470 1673 684 1706 numerum
719 1670 920 1705 motorum
957 1669 1215 1714 multiplicari
1245 1679 1376 1715 penes
1404 1680 1619 1706 numerum
1644 1671 1770 1707 mobi-

38 1732 71 1758 25
89 1728 185 1764 lium
200 1731 225 1765 6.
260 1728 445 1774 Amplius
466 1738 549 1765 non
570 1730 707 1773 potest
728 1728 846 1764 simul
869 1737 963 1764 esse
985 1729 1024 1764 in
1046 1729 1233 1770 diversis,
1255 1729 1418 1765 dicente
1435 1729 1769 1765 Damasceno7

91 1787 142 1823 de
169 1788 332 1834 angelo,
361 1788 427 1833 qui
456 1788 520 1824 est
545 1789 659 1824 tanto
687 1788 1099 1824 communicabilioris
1127 1788 1387 1830 existentiae,
1427 1789 1580 1833 quanto
1621 1788 1770 1833 simpli-

91 1846 224 1882 cioris.
262 1846 324 1883 De
346 1857 425 1892 quo
452 1847 583 1888 adest,
609 1847 749 1892 inquit,
776 1847 948 1893 angelus
977 1847 1044 1883 ubi
1071 1849 1265 1892 operatur
1292 1849 1332 1883 et
1358 1857 1442 1884 non
1471 1849 1534 1884 est
1560 1848 1666 1889 alibi,
1694 1848 1769 1884 sed

91 1905 146 1941 ibi
170 1905 448 1951 intelligenter
474 1906 826 1947 circumscribitur,
854 1906 922 1942 ubi
948 1908 1150 1951 operatur.

231 1965 416 2011 Amplius
444 1966 608 2002 errabat
633 1975 795 2010 ponens
822 1965 955 2010 ipsum
981 1975 1107 2010 posse
1145 1966 1263 2002 simul
1295 1966 1335 2001 in
1369 1967 1462 2002 actu
1494 1966 1620 2002 multa
1654 1966 1769 2002 intel-

39 2027 73 2054 30
92 2024 220 2070 ligere
247 2025 288 2061 in
316 2025 490 2061 diversis
503 2027 527 2060 ὃ.
578 2024 676 2061 Cum
704 2025 812 2061 enim
838 2025 967 2070 magis
996 2025 1047 2060 sit
1072 2025 1302 2070 intelligere
1331 2025 1449 2061 simul
1483 2026 1609 2061 multa
1647 2035 1768 2070 quam

92 2094 215 2120 unum
241 2084 516 2126 instantanee‚
544 2085 585 2120 et
610 2085 688 2120 hoc
715 2094 797 2120 non
824 2086 962 2129 potest
987 2084 1219 2120 intellectus
1246 2085 1459 2127 humanus,
1487 2085 1555 2129 qui
1581 2085 1769 2131 intelligit

232 2183 251 2215 2
278 2182 594 2225 complementum]
620 2183 650 2216 B
670 2183 871 2223 completur
943 2183 961 2215 2
987 2182 1294 2222 individuationis]
1318 2183 1348 2215 A
1370 2183 1598 2216 indivisionis
1672 2185 1691 2215 5
1717 2183 1769 2216 id-

91 2235 200 2275 circo]
228 2236 258 2269 B
283 2236 365 2269 ideo
445 2237 464 2269 6
492 2235 598 2275 enim]
624 2236 655 2268 A
683 2237 801 2268 autem
888 2236 906 2267 8
935 2235 1030 2276 quia]
1057 2236 1086 2268 A
1113 2236 1209 2276 quod
1283 2236 1326 2269 10
1353 2235 1433 2275 sibi]
1459 2236 1491 2269 Β
1517 2245 1588 2269 om.
1650 2236 1767 2277 parte]

92 2289 124 2321 Α
144 2291 174 2323 ὤ
192 2290 223 2323 Β
252 2289 290 2328 -l-
319 2290 483 2331 Amplius
505 2298 573 2322 nec
592 2289 745 2322 materia
770 2290 826 2321 est
846 2287 911 2328 (A.·
936 2288 1018 2328 nec)
1044 2290 1121 2322 tota
1146 2298 1259 2322 causa
1277 2289 1573 2322 individuationis
1670 2291 1726 2323 est
1747 2299 1768 2322 a

92 2343 216 2376 torma.
250 2343 335 2376 Vide
354 2344 496 2384 supra!
589 2342 630 2375 12
657 2341 811 2381 virtutis]
838 2343 868 2375 Β
888 2343 1057 2374 virtutum
1119 2341 1239 2383 quam]
1264 2342 1296 2375 B
1313 2343 1372 2375 vel
1458 2343 1500 2375 14
1527 2342 1645 2382 simul]
1671 2343 1702 2375 B
1720 2343 1767 2375 si-

91 2397 223 2429 militer
308 2397 350 2429 15
372 2396 468 2437 quia]
490 2397 520 2428 A
551 2396 588 2434 -]—
619 2396 713 2429 enim
799 2396 840 2428 16
867 2395 1020 2434 dicebat]
1046 2396 1077 2428 Β
1097 2396 1269 2429 credebat
1342 2395 1389 2435 et]
1409 2396 1440 2429 Β
1458 2395 1495 2434 -1-
1513 2396 1549 2428 in
1648 2396 1689 2429 18
1716 2396 1766 2435 ut]

92 2450 123 2482 Β
147 2450 208 2482 ubi
282 2450 324 2483 19
350 2449 550 2491 proprium]
569 2451 600 2482 Β
620 2458 726 2482 unum
747 2449 996 2487 determinata]
1024 2449 1055 2480 A
1080 2449 1359 2482 indeterminata
1439 2449 1483 2482 20
1509 2449 1644 2488 tamen]
1672 2450 1766 2482 enim

93 2503 134 2535 21
157 2503 217 2535 vel
236 2503 346 2542 latae]
367 2503 399 2541 A
413 2503 668 2536 universaliter
743 2502 786 2535 25
811 2501 1051 2541 Damasceno]
1071 2503 1102 2535 B
1122 2503 1244 2534 tamen
1317 2502 1360 2534 26
1387 2502 1765 2541 communicabilioris]

92 2556 123 2588 Β
149 2556 420 2589 coniunctarum
517 2556 653 2588 26—27
682 2556 816 2596 quanto
843 2554 1085 2596 simplicioris]
1110 2554 1143 2586 B
1170 2557 1308 2596 quanta
1332 2554 1544 2596 simpliciter
1633 2556 1676 2588 27
1704 2565 1766 2588 an-

93 2608 210 2650 gelus]
246 2609 452 2642 intellectus
548 2609 591 2641 28
628 2607 884 2650 intelligenter]
921 2608 952 2640 Β
989 2608 1281 2641 intellectualiter
1382 2608 1425 2640 29
1463 2608 1588 2649 posse]
1626 2609 1657 2641 Β
1692 2617 1763 2641 om.

93 2661 136 2694 30
163 2661 221 2701 sit]
246 2662 278 2695 Β
304 2671 375 2694 om.
449 2662 490 2694 31
518 2660 760 2699 instantanee]
785 2661 817 2694 B
843 2669 914 2693 om.
976 2659 1047 2701 qui]
1073 2661 1104 2693 Β
1130 2661 1216 2701 quia

232 2756 245 2778 1
271 2757 342 2790 Cir.
370 2756 546 2796 Scotus,
575 2756 690 2789 02:072.
716 2756 754 2795 II,
782 2756 813 2789 d.
841 2756 871 2794 3,
900 2764 933 2796 q.
960 2755 990 2794 6,
1025 2764 1059 2788 n.
1088 2753 1131 2787 15
1162 2753 1260 2794 (tom.
1288 2755 1341 2794 12,
1370 2754 1452 2794 144)
1487 2756 1522 2787 et
1556 2755 1611 2794 IV,
1649 2756 1680 2788 d.
1710 2756 1762 2795 11,

95 2819 128 2851 q.
155 2810 186 2850 3,
212 2819 247 2843 n.
274 2810 317 2843 46
343 2808 441 2850 (tom.
470 2811 523 2849 17,
550 2810 616 2842 429
630 2808 678 2849 b).
1049 2832 1058 2843 0

232 2862 247 2885 ²
271 2864 295 2903 Ι,
324 2864 353 2895 1.
494 2861 510 2884 3
534 2862 608 2895 Lib.
635 2862 763 2900 Destr„
791 2861 881 2902 disp.
909 2861 932 2900 Ι,
958 2861 994 2893 in
1019 2861 1196 2894 solutione
1223 2862 1254 2894 7.
1282 2861 1387 2893 dubii.

232 2915 248 2938 4
273 2916 344 2949 Cir.
371 2915 553 2957 Sigerus
578 2915 617 2953 ΙΙ,
646 2915 722 2947 168.
863 2913 878 2935 5
903 2914 973 2946 Cfr.
1000 2913 1180 2955 Sigerus
1206 2913 1245 2952 ΙΙ,
1275 2914 1338 2946 167
1360 2922 1387 2946 s.

233 2967 248 2990 ⁶
273 2969 325 3002 De
350 2968 490 3001 Anima
514 2968 568 3007 III,
595 2968 615 3000 4
641 2966 675 3007 (1
701 2968 790 3000 text.
818 2965 852 3006 5)
878 2965 950 3006 (fol.
979 2966 1044 2999 148
1056 2965 1092 3006 r).

234 3020 247 3043 ⁷
273 3022 326 3054 De
349 3021 439 3054 Fide
467 3020 618 3054 orthod.
644 3020 668 3059 Ι,
696 3020 746 3061 13>
765 3017 835 3059 (PL
862 3020 915 3059 94,
942 3017 1034 3058 854),
1060 3019 1123 3052 cir.
1149 3019 1187 3058 II,
1215 3019 1234 3051 3
1262 3017 1411 3057 (ibidem
1438 3016 1530 3056 870).

234 3073 249 3096 ⁸
274 3074 456 3116 Sigerus
480 3074 519 3114 ΙΙ,
547 3074 624 3107 166.
