2095 3459
298 198 343 236 84
815 202 991 235 Johannis
1016 202 1186 236 Pechami
1212 198 1463 240 Quaestiones.

438 300 471 334 4.
506 299 607 334 Item
642 298 966 344 Augustinus,
1001 298 1063 334 IX.
1100 299 1158 335 De
1198 299 1307 335 Trin.
1343 308 1430 344 cap.
1456 300 1521 334 41:
1561 298 1699 343 „Mens
1741 299 1832 344 ipsa
1873 297 1977 336 sicut

298 366 591 402 corporearum
617 367 754 393 rerum
780 357 947 393 notitias
974 367 1049 402 per
1075 367 1224 393 sensus
1251 357 1434 402 corporis
1472 357 1634 404 colligit,
1670 358 1730 394 sic
1764 358 1977 403 incopore-

297 426 412 451 arum
437 425 575 452 rerum
602 425 676 461 per
702 416 981 461 semetipsam.
1007 416 1112 462 Ergo
1141 417 1182 452 et
1208 416 1474 461 semetipsam
1500 426 1574 461 per
1600 426 1646 452 se
1673 417 1803 461 ipsam
1828 417 1975 452 novit.“

437 477 469 510 5.
496 475 597 511 Item
625 475 740 511 infra
768 475 912 511 eodem
939 475 1051 510 V112:
1086 475 1273 519 „Necque
1301 475 1409 511 enim
1436 475 1564 511 oculis
1592 475 1802 520 corporeis
1829 475 1976 511 multas

297 535 458 570 mentes
480 534 660 570 videndo
681 543 756 579 per
776 534 1080 570 similitudinem
1101 533 1389 579 cognoscimus
1410 534 1647 579 generalem
1668 534 1733 569 vel
1755 533 1976 578 specialem
1997 538 2012 563 5

297 593 678 628 mentis-humanae
705 592 902 634 notitiam,
930 593 1004 628 sed
1024 592 1255 628 intueamur
1271 592 1549 628 inviolabilem
1569 592 1795 634 veritatem,
1823 602 1877 628 ex
1897 602 1977 637 qua

296 650 553 693 definiamus,
592 661 676 687 non
715 651 846 696 qualis
886 651 938 687 sit
972 651 1388 696 uniuscuiuscumque
1426 660 1555 693 mens,
1598 652 1671 687 sed
1709 651 1840 696 qualis
1880 660 1975 687 esse

296 710 558 755 sempiternis
585 710 739 756 regulis
767 711 951 747 debeat.“

435 770 467 805 6.
494 769 595 805 Item
619 769 1011 807 Commentator3
1030 769 1150 811 <dicit
1170 770 1303 814 quod>
1326 769 1569 812 intellectus,
1595 769 1663 815 qui
1684 770 1747 805 est
1772 769 1813 805 in
1833 770 1976 814 poten-

294 828 361 869 tia,
382 828 635 864 declaratum
657 829 720 864 est
741 829 851 873 quod
873 829 936 864 est
956 829 1076 864 natus
1095 827 1238 873 perfici
1257 837 1332 872 per
1350 827 1502 864 formas
1523 828 1769 864 materiales.
1804 827 1975 874 Dignius
1997 831 2029 857 10

295 888 358 923 est
384 888 522 924 autem
548 889 592 923 ut
618 887 670 923 sit
696 888 816 924 natus
837 887 981 933 perfici
1006 897 1080 933 per
1105 887 1406 928 immateriales,
1434 888 1475 923 et
1494 887 1549 923 ita
1569 887 1659 923 sine
1680 887 1975 932 phantasmate.

223 971 272 1009 B.
1050 969 1230 1007 Contra.

393 1082 395 1085 ,
435 1048 465 1082 1.
493 1046 898 1083 Commentator4
923 1046 1067 1089 <dicit>
1093 1047 1202 1092 quod
1225 1046 1362 1083 anima
1387 1046 1485 1082 nihil
1511 1046 1697 1091 intelligit
1723 1046 1812 1082 sine
1838 1045 1976 1092 imagi-

293 1105 475 1147 natione,
502 1106 598 1150 quia
618 1106 934 1142 instrumentum
955 1115 1104 1142 sensus
1125 1105 1223 1141 nihil
1243 1105 1368 1141 sentit
1388 1104 1478 1141 sine
1498 1104 1737 1150 praesentia
1756 1104 1974 1141 sensibilis.

434 1165 466 1200 2.
493 1164 594 1200 Item
615 1165 843 1201 secundum
864 1164 1180 1210 Dionysium5
1199 1164 1453 1209 impossibile
1475 1165 1539 1200 est
1558 1164 1677 1200 nobis
1698 1163 1816 1199 aliter
1836 1173 1975 1208 super·
1996 1166 2027 1191 15

294 1223 516 1267 splendere
542 1223 701 1259 radium
729 1223 909 1259 divinum
936 1223 1015 1259 nisi
1040 1222 1312 1259 velaminibus
1339 1223 1682 1259 circumvelatum.

432 1282 465 1317 3.
492 1281 592 1318 Item
620 1282 745 1318 etiam
771 1282 894 1318 docet
921 1282 1029 1327 quod
1056 1282 1176 1318 aliter
1201 1291 1279 1318 nec
1305 1281 1441 1327 angeli
1467 1282 1586 1318 nobis
1619 1281 1850 1318 immiscere
1881 1291 1977 1327 pos-

293 1341 398 1376 sunt.
447 1340 554 1386 Ergo
583 1341 730 1377 eadem
756 1341 918 1377 ratione
945 1350 1024 1377 nec
1049 1340 1139 1377 alia.

431 1400 463 1435 4.
501 1399 601 1436 Item
635 1399 1028 1436 Commentators
1053 1399 1149 1436 dicit
1176 1400 1285 1444 quod
1310 1399 1447 1436 anima
1472 1409 1555 1435 non
1582 1399 1855 1435 reminiscitur
1880 1399 1974 1444 post

292 1459 478 1500 mortem,
505 1458 601 1503 quia
623 1468 707 1495 non
728 1459 854 1495 habet
873 1459 1128 1504 phantasma.
1166 1458 1271 1504 Ergo
1294 1459 1439 1495 eadem
1460 1459 1619 1494 ratione
1640 1468 1718 1494 nec
1738 1459 1778 1494 in
1799 1467 1972 1504 corpore
1992 1464 2026 1489 20

292 1518 530 1563 cognoscet,
557 1517 637 1553 nisi
663 1517 778 1554 cuius
805 1518 931 1554 habet
955 1518 1210 1563 phantasma.

433 1577 465 1611 5.
497 1576 599 1612 Item
623 1577 851 1613 secundum
877 1576 1197 1613 Richardum⁷
1223 1576 1402 1622 cognitio
1430 1577 1494 1613 est
1519 1576 1646 1616 tribus
1673 1576 1872 1618 <modis>:
1898 1585 1973 1621 per

293 1635 605 1680 experientiam,
644 1645 719 1681 per
756 1635 894 1677 fidem,
933 1644 1007 1680 per
1043 1635 1365 1681 intelligentiam.
1425 1635 1466 1672 Si
1504 1636 1555 1671 de
1594 1635 1723 1680 prima
1759 1635 1971 1680 loquimur,

292 1695 447 1730 certum
475 1695 540 1730 est
566 1695 675 1739 quod
703 1704 758 1730 ex
783 1694 919 1730 multis
946 1694 1154 1730 memoriis
1180 1694 1226 1730 fit
1251 1704 1375 1730 unum
1400 1693 1737 1739 experimentum.
1775 1686 1972 1730 Memoria

291 1754 430 1789 autem
455 1753 501 1789 fit
528 1763 581 1789 ex
608 1753 743 1789 multis
771 1753 976 1789 sensibus.
1025 1752 1130 1798 Ergo
1159 1762 1213 1789 ex
1238 1753 1537 1797 phantasmate.
1589 1752 1630 1788 Si
1665 1761 1739 1799 per
1769 1752 1895 1788 fidem
1925 1751 1971 1787 fit
1989 1757 2023 1782 25

291 1812 483 1858 cognitio,
511 1813 667 1848 certum
696 1813 759 1848 est
786 1813 895 1856 quod
919 1812 1080 1848 habitus
1108 1812 1412 1857 cognoscuntur
1437 1820 1512 1856 per
1538 1812 1653 1847 actus
1681 1812 1721 1849 et
1746 1811 1861 1847 actus
1896 1819 1970 1855 per

290 1871 507 1907 obiectum.
559 1870 601 1907 Si
627 1880 701 1916 per
726 1871 1049 1916 intelligentiam,
1075 1871 1172 1907 tunc
1199 1870 1378 1916 cognitio
1405 1870 1692 1906 intellectualis
1720 1869 1794 1906 est.

431 1931 463 1966 6.
490 1930 591 1965 Item
622 1930 849 1966 secundum
878 1929 1160 1975 HugonemS
1196 1929 1338 1965 oculus
1377 1928 1734 1974 contemplationis
1772 1928 1813 1964 in
1850 1928 1968 1964 nobis

294 1989 367 2025 est.
418 1988 524 2034 Ergo
552 1988 649 2024 nihil
677 1998 828 2033 capere
856 1989 994 2033 potest
1020 1989 1085 2024 vel
1114 1997 1369 2034 cognoscere
1397 1988 1485 2024 sine
1512 1985 1840 2024 manuductionea

110 2077 152 2114 C.
174 2077 279 2115 VIII.
633 2071 891 2116 Responsio
918 2071 1003 2114 <ad
1030 2071 1348 2116 quaestionem
1375 2071 1625 2113 octavam>
1987 2074 2022 2098 30

431 2148 494 2184 Ad
520 2148 692 2193 primam
719 2149 1034 2193 quaestionem9
1060 2148 1277 2185 dicendum
1303 2148 1411 2193 quod
1438 2147 1670 2184 intellectus
1699 2147 1842 2183 dicitur
1863 2147 1968 2189 rela-

290 2208 373 2243 tive
400 2208 452 2243 ad
478 2207 744 2253 intelligibile,
781 2208 804 2243 i.
832 2218 866 2244 e.
902 2208 954 2244 ad
980 2217 1067 2243 rem
1094 2207 1354 2244 intellectam.
1403 2206 1636 2242 Intellectus
1663 2207 1800 2242 autem
1827 2215 1968 2242 essen-

289 2266 438 2303 tialiter
463 2266 641 2302 refertur
666 2267 719 2302 ad
744 2266 1000 2312 intelligibile
1027 2267 1068 2302 et
1106 2276 1188 2302 non
1224 2266 1403 2302 econtra.
1453 2265 1636 2301 Necesse
1675 2266 1738 2301 est
1776 2274 1886 2310 ergo,
1924 2266 1966 2300 ut

431 2366 450 2397 7
485 2363 867 2404 uniuscuiuscumque]
903 2364 1008 2396 unius
1043 2372 1122 2396 cum
1156 2372 1383 2405 quocumque
1480 2363 1520 2394 14
1556 2361 1822 2401 intrumentum]
1856 2363 1964 2394 motffi

290 2418 332 2449 33
360 2416 521 2456 econtra]
551 2418 588 2455 —l-
618 2418 685 2450 sed
710 2417 909 2450 secundum
935 2417 967 2449 d¹
992 2417 1029 2449 in
1055 2417 1191 2458 aliquid
1217 2418 1336 2449 autem
1362 2416 1480 2448 motus

430 2516 443 2539 1
468 2517 523 2557 IX,
552 2518 570 2550 3
598 2516 668 2556 (PL
695 2517 750 2557 42,
777 2517 843 2549 963
870 2526 903 2549 n.
932 2515 978 2556 3).
1120 2515 1134 2538 2
1160 2517 1214 2555 IX,
1241 2516 1260 2548 6
1286 2514 1437 2557 (ibidem
1463 2514 1555 2555 966).

429 2569 444 2591 3
469 2571 521 2602 De
546 2570 687 2602 Anima
712 2570 802 2609 111,4
824 2568 857 2608 (1
878 2570 966 2602 text.
983 2568 1017 2608 5)
1038 2567 1112 2607 (fol.
1130 2569 1194 2601 138
1204 2568 1243 2609 v).
1383 2567 1398 2590 4
1424 2569 1477 2601 De
1501 2569 1642 2601 Anima
1666 2568 1719 2608 III,
1735 2568 1754 2601 6
1775 2566 1877 2607 (text.
1893 2566 1963 2608 30).

430 2622 444 2644 ⁵
469 2623 522 2656 De
549 2623 645 2656 Cael.
673 2623 787 2661 Hier„
815 2631 844 2655 o.
874 2623 891 2655 1
918 2621 990 2662 (PL
1016 2622 1092 2660 122,
1116 2621 1230 2661 1038).
1259 2622 1418 2661 „Etenim
1442 2630 1562 2662 neque
1588 2622 1763 2662 possibile
1785 2622 1840 2654 est
1860 2622 1964 2654 aliter

290 2677 412 2708 lucere
447 2677 552 2708 nobis
585 2676 744 2708 divinum
775 2675 926 2714 radium,
964 2675 1034 2707 nisi
1070 2675 1248 2707 varietate
1285 2683 1471 2707 sacrorum
1507 2675 1724 2707 velaminum
1762 2674 1962 2716 anagogice

286 2729 585 2762 circumvelatum
612 2730 647 2761 et
672 2729 728 2761 his
755 2737 850 2769 quae
877 2729 1073 2760 secundum
1099 2737 1165 2761 nos
1192 2728 1282 2767 sunt,
1320 2728 1549 2768 providentia
1573 2729 1727 2768 paterna
1752 2728 1962 2760 connatura-

290 2782 371 2813 liter
397 2783 433 2814 et
457 2782 606 2822 proprie
632 2780 923 2822 praeparatum.“

429 2833 444 2856 6
469 2834 522 2867 De
546 2834 687 2867 Anima
712 2833 766 2873 III,
794 2834 814 2866 5
840 2832 944 2873 (text.
972 2832 1047 2873 20);
1074 2833 1097 2872 Ι,
1126 2833 1167 2865 10
1193 2831 1399 2872 (text.‘66);
1434 2833 1718 2872 Themistius‚
1745 2833 1797 2865 De
1822 2832 1962 2865 Anima

289 2887 343 2926 III,
371 2886 413 2919 28
440 2888 477 2919 et
502 2887 556 2919 29.

430 2937 445 2961 ⁷
469 2939 523 2972 De
552 2940 648 2972 Trin.
675 2939 700 2979 I,
728 2939 745 2971 1
774 2939 844 2977 (PL
872 2938 948 2978 196,
976 2938 1040 2971 891
1061 2937 1117 2978 A).

430 2991 445 3013 8
469 2991 636 3031 Μὶεεεῑὶ.,
662 2992 722 3025 lib.
749 2992 772 3031 Ι,
799 2992 850 3024 tit.
879 2991 944 3024 120
970 2989 1041 3031 (PL
1067 2992 1144 3029 177,
1172 2989 1269 3031 545);
1295 2991 1354 3024 lib.
1381 2991 1434 3030 III,
1460 2991 1510 3024 tit.
1538 2991 1580 3024 27
1607 2989 1669 3031 (ib.
1696 2989 1787 3030 649).

431 3044 446 3066 9
471 3046 495 3078 I.
522 3054 553 3078 e.
581 3045 626 3078 ad
653 3045 903 3085 quaestionem
929 3044 1015 3077 VIII.
1066 3044 1135 3077 Cir.
1162 3053 1196 3085 p.
1224 3044 1277 3084 83,
1303 3044 1374 3077 not.
1402 3044 1433 3077 2.
