2095 3459
333 216 420 252 XIV
804 220 915 252 Index
942 219 1137 252 editionum
1163 220 1197 251 et
1223 214 1514 259 disputationum.

332 320 588 358 PORRETANUS,
616 319 678 351 ci‘r.
706 319 947 352 Gilbertus.

333 376 516 409 PORTALOE
541 378 596 417 E.,
631 378 682 410 La
714 378 802 410 lutte
839 379 883 410 de
917 378 1211 419 l'Augustinisme
1250 378 1373 409 contre
1407 377 1696 408 I'Aristotelisme
1730 376 1898 408 thomiste
1947 377 1999 408 ini

474 437 717 468 Dictionnaire
744 437 787 469 de
813 437 995 477 theologie
1027 437 1233 476 catholique
1268 444 1335 475 par
1368 435 1814 476 Vacant—Mangenot,
1853 435 1999 467 Parisiis

473 496 572 534 1909,
598 496 622 535 Ι,
649 496 888 528 2506—2514.

335 555 546 586 RICHARDUS
573 563 593 586 A
621 555 858 593 Mammam,
898 554 1164 586 commentaria
1200 554 1235 585 in
1275 554 1443 593 quattuor
1477 553 1587 585 libros
1625 553 1883 585 sententiarum
1917 552 2002 591 [una

471 622 551 645 cum
577 612 823 652 Quodlibetis].
850 613 995 645 Brixiae
1023 613 1122 645 1591.

334 672 465 703 RisNER
491 672 562 711 FR„
598 672 749 712 Opticae
775 672 975 704 thesaurus.
1011 672 1187 704 Alhazeni
1221 671 1351 703 Arabis
1386 671 1466 702 libri
1490 671 1561 709 VII,
1599 679 1693 702 nunc
1719 671 1869 710 primum
1897 670 2001 709 editi;

472 731 633 763 eiusdem
657 731 748 763 liber
774 731 818 763 de
844 731 1067 770 crepuscuiis
1093 732 1129 762 et
1154 730 1298 762 nubium
1326 730 1612 768 ascensionibus,
1638 730 1806 762 Basileae
1834 729 1932 761 1572.

335 790 528 821 ROBERTUS
555 789 817 829 GROSSETESTE,
844 790 910 825 Die
935 789 1255 830 philosophischen
1282 788 1414 821 Werke
1441 789 1505 821 des
1526 789 1660 821 Robert
1679 788 1920 827 Grosseteste,
1947 789 2002 820 ed.

470 848 672 881 Ludovicus
698 849 826 887 Baur,
854 849 1005 881 Monast.
1033 848 1170 880 Guestf.
1199 848 1298 887 1912,
1326 848 1389 879 BB
1415 848 1469 879 IX.

334 908 461 939 ROGER
488 908 627 947 BACON,
666 907 766 948 Opus
792 908 918 946 maius,
946 908 1000 939 ed.
1027 907 1059 939 J.
1074 907 1114 939 H.
1141 907 1344 948 Bridges‚
1371 906 1502 939 Oxonii
1531 906 1629 945 1897,
1659 907 1758 944 1900.
1809 906 1908 946 Opus
1934 907 2003 938 ter-

472 967 568 1005 tium,
608 966 661 998 ed.
689 966 769 999 J.S.
796 967 989 1005 Brewer,
1025 966 1189 998 Londinii
1218 966 1316 998 1859.
1366 965 1471 997 Liber
1502 966 1750 997 Communium
1775 965 2002 1002 naturalium,

473 1026 527 1058 ed.
555 1026 642 1058 Rob.
670 1025 834 1064 SteeIe,
862 1025 993 1058 Oxonii
1021 1025 1214 1057 1909—13.

334 1085 461 1116 ROGER
488 1085 677 1123 MARSTONJ
724 1084 896 1120 Quaestio
931 1084 1134 1125 disputata,
1178 1085 1294 1116 utrum
1335 1084 1455 1116 anima
1493 1084 1629 1121 omnia,
1676 1092 1770 1123 quae
1808 1083 2003 1124 cognoscit,

474 1143 673 1184 cognoscat
706 1143 741 1174 in
773 1143 853 1175 luce
886 1144 1045 1181 aeterna,
1085 1152 1130 1175 an
1157 1143 1225 1175 sibi
1252 1143 1410 1175 sufficiat
1435 1143 1497 1174 lux
1523 1142 1699 1174 naturalis
1726 1143 1761 1173 et
1786 1142 1935 1182 propria
1961 1142 2005 1173 ad

474 1202 596 1234 cetera
621 1201 923 1245 cognoscendum,
950 1202 1001 1233 in:
1029 1202 1081 1234 De
1107 1202 1200 1233 hum.
1228 1210 1331 1242 cogn.
1358 1202 1435 1239 rat,
1464 1210 1497 1241 p.
1527 1201 1720 1233 197—220.

336 1261 512 1299 Rumam,
539 1261 601 1292 cir.
629 1260 860 1298 ,Iohannes
881 1261 934 1292 de
960 1261 999 1293 R.

337 1319 520 1351 SBARALEA
546 1319 577 1351 J.
596 1319 720 1358 HYAC„
757 1319 1051 1360 supplementum
1079 1321 1113 1351 et
1140 1320 1332 1359 castigatio
1364 1320 1409 1351 ad
1435 1319 1633 1359 scriptores
1659 1319 1762 1350 trium
1792 1318 1951 1350 ordinem
1977 1327 2005 1350 s.

473 1378 664 1417 Francisci,
691 1379 826 1410 Romae
856 1378 953 1411 1806.

337 1436 481 1468 SCOTUS
507 1437 592 1469 JOH.
612 1437 725 1475 DUNS,
752 1437 875 1477 Opera
900 1438 1029 1476 omnia,
1057 1438 1112 1469 ed.
1139 1437 1235 1469 Lud.
1263 1437 1418 1475 Vives,
1447 1437 1593 1469 Parisiis
1622 1437 1706 1469 1891
1731 1445 1778 1468 ss.

337 1495 491 1528 SIGERUS
518 1503 562 1526 DE
588 1496 807 1535 BRABANTIA‚
847 1495 950 1537 Siger
985 1496 1030 1528 de
1057 1497 1214 1528 Brabant
1239 1497 1275 1528 et
1300 1496 1558 1528 l'Averro'isme
1583 1495 1671 1527 latin
1698 1504 1742 1527 au
1769 1495 1871 1527 XIIme
1896 1495 2007 1527 siecle

474 1562 542 1594 par
561 1554 711 1586 Pierre
733 1555 1001 1587 Mandonnet
1020 1555 1060 1587 O.
1076 1555 1129 1586 Pr.
1156 1555 1228 1587 lime
1254 1555 1387 1595 partie:
1414 1555 1549 1586 Textes
1574 1554 1716 1592 inedits,
1742 1554 1891 1586 Lovanii
1907 1554 2006 1586 1908.

338 1612 557 1645 SPETTMANN
581 1613 772 1652 H1ERONY.,
811 1613 1157 1650 Quellenkritisches
1193 1622 1257 1645 zur
1287 1613 1506 1654 Biographie
1539 1613 1602 1644 des
1629 1612 1815 1644 Johannes
1841 1612 2006 1650 Pecham,

475 1672 526 1703 in:
553 1672 878 1704 Franziskanische
904 1672 1062 1710 Studien,
1091 1672 1118 1703 II
1144 1670 1275 1711 (1915),
1305 1672 1504 1710 170—207;
1533 1671 1726 1703 265-285.

338 1730 496 1762 STAHLIN
523 1730 574 1769 O.,
601 1731 919 1769 Editionstechnik,
956 1731 1006 1763 in:
1040 1732 1140 1763 Neue
1166 1731 1390 1763 Jahrbiicher
1417 1731 1472 1762 iiii·
1498 1731 1563 1762 das
1589 1730 1792 1762 klassische
1818 1730 2004 1768 Altertum,

476 1789 690 1822 Geschichte
717 1790 787 1822 und
814 1790 986 1822 deutsche
1013 1790 1200 1828 Literatur,
1228 1790 1286 1822 XII
1312 1788 1443 1828 (1909),
1471 1789 1665 1821 393—433.

337 1848 482 1886 STEELE,
509 1849 572 1880 cir.
600 1849 747 1890 Roger
772 1850 925 1882 Bacon.

335 1907 483 1939 TANNER
511 1908 585 1945 TH„
613 1908 835 1941 Bibliotheca
859 1908 1285 1947 Britannico-Hibernica,
1313 1908 1476 1940 Londinii
1505 1908 1603 1940 1748.

335 1967 568 2006 THEMISTIUS,
595 1966 646 1999 De
674 1968 802 2006 anima,
830 1968 884 2000 ed.
913 1968 1238 2006 Rich.-Heinze,
1265 1967 1422 1999 Berolini
1451 1967 1550 1999 1899.

335 2026 487 2058 THOMAS
513 2026 691 2065 AQUINAS,
728 2026 968 2063 Quaestiones
1004 2027 1209 2067 disputatae
1244 2028 1279 2058 et
1315 2026 1579 2066 quodlibetales
1611 2026 1712 2057 iuxta
1741 2025 1932 2057 editionem
1960 2024 2007 2057 St.

475 2085 664 2118 Eduardi
690 2085 839 2118 Frette
865 2084 1004 2125 (Opera
1030 2086 1161 2124 omnia,
1188 2085 1287 2125 XIII),
1316 2085 1463 2118 Parisiis
1492 2085 1590 2117 1889.

335 2161 391 2183 —,
442 2143 587 2176 Summa
612 2144 826 2185 theologica,
855 2145 909 2177 ed.
936 2144 1031 2177 Lud.
1060 2144 1222 2176 Guerin
1249 2145 1290 2176 et
1316 2143 1450 2183 Socii,
1477 2143 1579 2176 Barri
1604 2143 1712 2175 Ducis
1740 2143 1839 2175 1869.

337 2220 391 2241 —,
442 2202 587 2234 Summa
612 2204 736 2235 contra
762 2204 927 2243 gentiles,
953 2203 1070 2235 Editio
1096 2203 1149 2235 III.
1176 2203 1419 2241 Taurinensis,
1447 2202 1634 2243 Augustae
1659 2202 1893 2234 Taurinorum
1910 2201 2008 2233 1892.

336 2261 467 2293 Tocco
492 2261 583 2300 FEL„
622 2261 672 2294 La
708 2262 886 2302 quistione
923 2262 1017 2302 della
1048 2263 1203 2302 poverta
1234 2262 1293 2293 nel
1319 2261 1442 2293 secolo
1469 2261 1555 2293 XIV.
1582 2261 1741 2293 secondo
1767 2260 1877 2292 nuovi
1903 2260 2009 2291 docu-

476 2321 596 2359 menti,
616 2320 669 2352 in:
690 2321 818 2352 Nuova
836 2320 1030 2353 biblioteca
1049 2321 1084 2352 di
1104 2321 1326 2359 letteratura,
1347 2320 1460 2352 storia
1479 2320 1522 2351 ed
1543 2320 1630 2358 arte,
1652 2319 1693 2358 V,
1720 2319 1892 2359 Neapolis
1909 2318 2007 2356 1910,

477 2378 650 2411 Videatur
676 2379 783 2411 etiam
809 2379 1403 2420 Kingsiord-Litt-le-Tocco

337 2438 846 2477 UEBERWEG-BAUMGARTNER,
884 2438 1061 2470 Grundriss
1097 2439 1160 2470 der
1196 2438 1411 2470 Geschichte
1438 2438 1501 2469 der
1526 2437 1783 2477 patristischen
1811 2436 1879 2467 und
1906 2436 2008 2467 scho-

476 2497 673 2530 lastischen
699 2497 784 2535 Zeit,
810 2497 925 2529 Editio
952 2497 1173 2535 X,¹Berolini
1202 2495 1301 2529 1915.

339 2555 569 2587 WADDINGUS
595 2555 694 2594 Luc„
722 2555 925 2595 Scriptores
951 2556 1087 2588 ordinis
1114 2556 1299 2595 Minorum,
1327 2556 1463 2587 Romae
1492 2555 1590 2587 1906.

340 2614 499 2645 WILKINS
526 2614 626 2652 DAv„
654 2614 813 2646 Concilia
839 2615 994 2655 Magnae
1020 2614 1227 2646 Britanniae
1254 2615 1289 2646 et
1314 2614 1518 2652 Hiberniae,
1545 2613 1693 2645 Londini
1724 2613 1821 2645 1737.

339 2672 512 2704 ZlGLIARA
538 2673 656 2704 THOM.
684 2672 739 2711 M.,
768 2673 818 2704 De
844 2674 963 2706 mente
989 2673 1130 2705 concilii
1156 2673 1384 2710 Viennensis,
1412 2673 1548 2704 Romae
1576 2672 1675 2704 1878.
