2095 3459
789 211 960 250 Quaestio
987 213 1072 246 XIV.
1698 210 1764 246 129

236 310 288 345 10.
316 309 377 346 Ad
393 310 593 346 decimum
615 310 829 346 dicendum
842 310 949 355 quod
970 320 1110 346 verum
1133 311 1196 346 est
1216 311 1440 347 secundum
1456 320 1550 347 esse
1566 311 1762 351 naturale,

94 369 200 413 quod
230 369 280 405 de
300 378 472 414 corpore
493 369 648 405 dicitur.
689 368 769 405 Sed
784 379 932 414 corpus
952 370 1219 416 glorificatum
1241 380 1316 415 per
1335 379 1429 406 esse
1452 370 1763 415 supernaturale

93 429 230 473 potest
255 438 398 464 omnes
425 428 703 465 dimensiones
730 430 938 465 naturales
965 430 1194 474 penetrare.

234 495 286 529 11.
313 494 374 530 Ad
409 494 668 530 undecimum
703 494 966 537 <dicendum>
1002 494 1110 539 quod
1146 495 1180 530 si
1218 504 1365 539 corpus
1399 494 1617 540 gloriosum
1653 496 1764 530 esset

57 563 72 587 5
93 561 205 588 mere
232 553 429 595 naturale,
456 555 737 599 argumentum
760 554 866 592 bene
886 554 1139 598 procederet.
1178 553 1265 589 Non
1291 556 1427 590 autem
1454 554 1510 590 ita
1530 555 1614 595 est,
1642 554 1762 589 immo

42 865 73 889 10

42 1161 72 1186 15

38 1461 72 1487 20

30 1769 72 1793 ⁴25

38 2070 72 2094 30

38 2373 71 2398 35

92 611 216 648 habet
242 612 392 657 aliquid
419 613 745 658 supernaturale,
772 622 846 658 per
872 613 978 657 quod
1005 614 1141 658 potest
1168 622 1260 649 esse
1287 622 1375 649 cum
1405 614 1482 649 alio
1511 613 1549 649 in
1577 614 1678 650 loco.

233 678 286 713 12.
313 677 374 714 Ad
408 678 693 714 duodecimum
726 678 940 714 dicendum
967 678 1075 723 quod
1101 677 1238 723 aliqua
1273 678 1352 714 duo
1388 680 1574 715 extrema
1608 688 1762 715 summe

92 736 142 772 ad
173 736 348 773 invicem
376 737 571 774 distantia
596 745 679 773 non
705 738 859 774 habent
885 737 1084 773 rationem
1121 737 1293 773 extremi
1318 737 1533 782 possibilis.
1583 738 1764 783 Implicat

92 795 201 832 enim
227 796 458 842 opinionem
494 797 864 838 contradictoriam,
903 797 1094 842 quoniam
1131 806 1226 833 esse
1262 798 1449 833 extrema
1475 797 1588 842 ponit
1614 797 1764 833 distan-

93 854 189 891 tiam
215 855 383 898 finitam,
411 866 488 893 nec
514 857 651 902 potest
676 857 782 892 inter
803 857 989 893 extrema
1015 865 1107 892 esse
1128 855 1288 892 infinita
1313 856 1504 892 distantia
1524 857 1603 892 nisi
1622 866 1763 893 secun-

92 913 186 950 dum
212 916 530 961 proportionem,
568 916 671 952 sicut
710 918 773 952 est
806 916 914 952 inter
947 917 1104 952 rectum
1141 916 1181 951 et
1217 915 1432 960 obliquum.
1482 915 1639 952 Ponere
1665 925 1764 952 vero

92 973 327 1010 distantiam
355 985 555 1011 summam
576 985 682 1017 esse,
704 976 768 1011 est
786 984 943 1020 ponere
965 984 1055 1011 eam
1075 974 1274 1010 infinitam
1301 974 1476 1011 omnino.
1514 974 1624 1011 Licet
1644 974 1765 1021 igitur

92 1042 252 1069 summa
278 1033 472 1070 distantia
498 1043 580 1070 non
606 1034 736 1079 possit
761 1034 983 1070 convenire
1010 1033 1217 1075 extremis,
1243 1043 1326 1070 non
1346 1034 1514 1079 propter
1533 1034 1611 1070 hoc
1633 1033 1764 1078 sequi-

91 1093 166 1134 tur,
211 1093 306 1137 quin
350 1093 481 1138 possit
513 1093 573 1130 eis
607 1093 830 1130 convenire
866 1103 1024 1129 summa
1059 1093 1301 1134 coniunctio,
1342 1093 1436 1138 quia
1471 1102 1593 1129 unum
1628 1093 1762 1138 aliquo

92 1151 213 1187 modo
240 1153 378 1188 natum
406 1153 467 1189 est
492 1153 641 1194 inesse,
667 1152 867 1197 reliquum
893 1162 992 1188 vero
1020 1153 1129 1188 nullo
1156 1153 1288 1188 modo.

233 1218 285 1253 13.
313 1217 374 1254 Ad
402 1218 602 1254 decimum
641 1218 803 1254 tertium
839 1218 1056 1254 dicendum
1092 1218 1200 1262 quod
1232 1217 1484 1262 impossibile
1515 1220 1579 1253 est
1614 1217 1763 1262 aliquid

92 1276 248 1312 nabere
275 1277 377 1313 duas
403 1277 678 1323 longitudines
715 1277 793 1313 sibi
819 1277 1073 1313 essentiales.
1124 1276 1211 1312 Non
1247 1278 1384 1312 tamen
1417 1278 1479 1312 est
1510 1276 1762 1322 impossibile

93 1335 245 1380 aliquid
283 1336 437 1373 habere
471 1337 571 1373 duas
603 1336 877 1382 longitudines
916 1336 1205 1377 accidentales,
1257 1336 1361 1371 sicut
1388 1337 1450 1372 est
1474 1336 1514 1372 in
1540 1336 1642 1377 loco,
1670 1336 1764 1381 quia

93 1395 207 1431 locus
234 1396 298 1431 est
323 1393 516 1432 accidens
547 1396 679 1438 locati,
714 1398 754 1433 et
786 1396 933 1432 accidit
966 1396 1057 1432 loco
1083 1396 1214 1431 locale
1240 1404 1388 1440 corpus
1416 1395 1620 1441 signatum
1646 1395 1685 1431 in
1713 1405 1762 1431 eo

91 1454 229 1490 locari.
278 1454 378 1491 Item
405 1455 509 1491 duae
544 1455 819 1501 longitudines
854 1456 1024 1491 duorum
1056 1455 1281 1491 locatorum
1318 1456 1411 1491 sunt
1442 1464 1523 1490 una
1555 1455 1762 1501 longItudo

91 1514 316 1550 secundum
342 1514 715 1551 considerationem
741 1514 1081 1550 mathematicam.

232 1580 285 1615 14.
312 1580 375 1616 Ad
402 1579 602 1616 decimum
630 1580 817 1625 quartum
844 1579 1070 1622 dicendum,
1096 1580 1140 1614 ut
1159 1580 1310 1615 tactum
1338 1581 1399 1615 est
1414 1581 1436 1618 1,
1465 1579 1571 1624 quod
1591 1589 1673 1615 non
1701 1581 1763 1615 cst

90 1638 220 1674 simile
248 1639 298 1675 de
324 1638 645 1674 individuatione
677 1640 717 1674 et
744 1638 960 1680 locatione,
999 1638 1190 1683 quoniam
1212 1638 1402 1674 discretio
1428 1638 1762 1674 individuationis

91 1698 154 1733 est
189 1698 421 1734 essentialis
459 1697 686 1742 individuo;
722 1698 946 1734 secundum
983 1698 1090 1742 quod
1128 1697 1358 1733 huiusmodi
1394 1697 1584 1734 discretio
1624 1698 1760 1734 autem

91 1756 245 1799 localis,
272 1766 367 1798 non,
393 1757 571 1793 maxime
598 1758 787 1803 respectu
815 1766 909 1793 esse
936 1756 1270 1802 supernaturalis.

229 1824 282 1859 15.
311 1823 372 1859 Ad
398 1822 600 1858 decimum
627 1822 810 1867 quintum
836 1822 1051 1859 dicendum
1078 1822 1187 1867 quod
1213 1821 1396 1867 potentia
1422 1831 1503 1857 non
1525 1822 1762 1858 denominat

90 1882 297 1926 possibile,
324 1891 404 1927 qua
430 1881 538 1918 aliud
564 1891 687 1927 super
713 1881 822 1917 aliud
847 1882 984 1926 potest
1010 1890 1133 1926 super
1157 1881 1300 1926 ipsum.
1345 1881 1463 1917 Unde
1488 1881 1582 1917 licet
1609 1890 1758 1917 caecus

90 1941 222 1985 possit
246 1941 433 1986 recipere
460 1940 593 1976 visum
620 1950 645 1977 a
664 1940 763 1983 Deo,
782 1950 865 1976 non
885 1941 1024 1977 tamen
1044 1941 1181 1986 potest
1201 1940 1353 1976 videre.
1403 1940 1462 1976 Ita
1484 1940 1524 1976 in
1550 1940 1761 1985 proposito

92 1999 318 2042 dicendum,
354 2000 462 2045 quod
498 2000 576 2035 duo
604 2009 779 2045 corpora
812 2009 933 2045 posse
970 2009 1064 2035 esse
1100 1999 1217 2035 simul
1252 2008 1333 2034 non
1369 2000 1432 2035 est
1469 2008 1522 2035 ex
1553 2000 1759 2045 potestate

91 2058 180 2099 loci,
207 2059 282 2095 sed
309 2067 361 2094 ex
386 2059 592 2104 potestate
620 2058 804 2104 corporis
829 2058 997 2104 gloriosi
1021 2058 1276 2103 penetrantis
1303 2068 1384 2094 non
1411 2058 1644 2103 gloriosum.

231 2125 284 2160 16.
311 2123 373 2160 Ad
411 2123 612 2160 decimum
651 2124 814 2159 sextum
840 2123 1056 2160 dicendum
1092 2123 1200 2168 quod
1233 2122 1458 2168 grossities,
1500 2132 1621 2167 quam
1660 2122 1760 2159 tollit

92 2182 304 2224 subtilitas,
330 2182 387 2219 ita
422 2183 485 2218 est
518 2182 560 2218 in
596 2191 770 2227 corpore
806 2182 940 2218 subtili
972 2181 1220 2223 naturaliter,
1254 2181 1357 2217 sicut
1384 2183 1446 2217 est
1471 2182 1543 2217 aer
1574 2181 1615 2217 in
1642 2182 1760 2218 terra.

90 2241 172 2278 Ista
198 2241 317 2278 enim.
338 2241 550 2287 grossities
585 2241 680 2277 dicit
718 2241 977 2277 existentiam
1012 2240 1169 2277 formae
1204 2240 1401 2277 naturalis
1427 2240 1467 2276 in
1494 2242 1664 2277 materia
1689 2250 1762 2286 per

91 2301 255 2337 modum
282 2300 530 2347 quantitatis.
582 2299 663 2336 Sed
690 2300 892 2336 subtilitas
918 2300 1098 2346 gloriosa
1124 2300 1193 2336 dat
1219 2309 1313 2335 esse
1340 2300 1660 2344 supernaturale,
1682 2309 1761 2344 quo

92 2359 311 2397 existentia
335 2359 396 2395 rei
430 2359 719 2396 mathematica
755 2360 795 2395 et
820 2359 1017 2395 naturalis
1052 2359 1222 2395 trahitur
1248 2359 1300 2394 ad
1327 2359 1491 2394 modum
1517 2358 1761 2395 existentiae

92 2418 425 2464 supernaturalis,
451 2418 508 2454 ita
533 2420 576 2454 ut
602 2418 706 2454 sicut
726 2427 800 2463 per
820 2417 1117 2454 derivationem
1138 2418 1187 2453 ab
1208 2417 1276 2462 illa
1296 2417 1479 2453 essentia
1499 2426 1572 2462 per
1591 2409 1761 2463 gloriam

91 2477 252 2515 animae
287 2477 484 2513 naturalis
523 2477 706 2513 essentia
732 2477 917 2513 elevatur
950 2485 1073 2523 supra
1111 2476 1274 2512 modum
1314 2485 1430 2511 suum
1468 2476 1518 2512 ad
1556 2475 1762 2521 incorrup-

90 2536 263 2578 tionem.
284 2536 403 2572 salva
435 2535 583 2572 virtute
621 2537 804 2577 naturae,
839 2535 896 2572 sic
929 2545 1048 2571 omne
1081 2534 1412 2571 mathematicum
1443 2534 1466 2570 i.
1494 2543 1526 2570 e.
1561 2535 1760 2572 dimensio

91 2595 264 2632 trahitur
289 2595 341 2631 ad
366 2595 530 2631 modum
568 2594 815 2631 existentiae
854 2594 1085 2639 spiritualis,
1117 2595 1159 2629 ut
1197 2594 1313 2630 salva
1343 2593 1516 2630 veritate
1553 2594 1760 2630 essentiae

233 2718 252 2750 2
279 2715 445 2757 corpore]
477 2716 557 2748 cibo
630 2724 763 2756 corpus
790 2714 1041 2757 glorificatum]
1074 2715 1174 2747 cibus
1201 2715 1424 2756 glorificatus
1533 2715 1552 2747 8
1579 2714 1761 2754 distantia]

95 2771 228 2804 distare
325 2770 365 2802 31
392 2768 497 2808 tollit]
537 2769 573 2807 4-
612 2767 827 2809 superficies
860 2777 966 2809 quam
998 2769 1088 2800 tollit
1185 2768 1226 2800 32
1253 2768 1345 2800 sicut
1372 2769 1427 2799 est
1453 2766 1527 2806 aer]
1562 2768 1761 2804 cuiusmodi

96 2824 151 2855 est
176 2832 240 2855 aer
265 2823 357 2855 sicut
451 2823 494 2854 33
520 2821 685 2861 materia]
715 2822 751 2859 -l-
776 2830 842 2862 per
860 2822 1014 2854 mediam
1036 2821 1271 2861 quantitatem
1369 2821 1410 2852 36
1438 2829 1548 2861 super
1573 2819 1760 2858 naturalisl

94 2876 152 2908 vel
178 2876 243 2916 ley.
271 2876 468 2916 spiritualis
482 2874 528 2915 (9)
563 2877 663 2908 text:
697 2875 972 2907 mathematicae
1069 2875 1111 2906 39
1139 2873 1368 2912 existentiae]
1402 2873 1584 2906 essentiae
1657 2874 1759 2913 spiri-

94 2928 216 2968 tualis]
241 2929 516 2961 mathematicae

234 3045 247 3068 1
274 3046 390 3087 Supra
414 3055 448 3087 p.
477 3046 541 3079 128
567 3046 596 3078 D
623 3046 710 3085 XIV,
738 3046 768 3079 6.

165 3107 279 3139 Βέἱῐτ.
299 3111 370 3144 ΧΙΧ,
385 3110 439 3145 516.
458 3111 674 3147 Hieronym.
695 3111 931 3146 Spettmann,
953 3111 1100 3138 ‚Iohannis
1115 3110 1256 3137 Pechanii
1272 3110 1479 3140 Quaestiones.
1624 3111 1641 3140 9
