<?xml version="1.0" encoding="UTF-8"?>
<!DOCTYPE html PUBLIC "-//W3C//DTD XHTML 1.0 Transitional//EN"
    "http://www.w3.org/TR/xhtml1/DTD/xhtml1-transitional.dtd">
<html xmlns="http://www.w3.org/1999/xhtml" xml:lang="en" lang="en">
 <head>
  <title>
</title>
<meta http-equiv="Content-Type" content="text/html;charset=utf-8" />
  <meta name='ocr-system' content='tesseract 3.04.00' />
  <meta name='ocr-capabilities' content='ocr_page ocr_carea ocr_par ocr_line ocrx_word'/>
</head>
<body>
  <div class='ocr_page' id='page_1' title='image "./johannispechamiq00peck/johannispechamiq00peck_0154.png"; bbox 0 0 2095 3459; ppageno 0'>
   <div class='ocr_carea' id='block_1_1' title="bbox 292 181 1457 218">
    <p class='ocr_par' dir='ltr' id='par_1_1' title="bbox 292 181 1457 218">
     <span class='ocr_line' id='line_1_1' title="bbox 292 181 1457 218; baseline -0.005 0"><span class='ocrx_word' id='word_1_1' title='bbox 292 183 359 218; x_wconf 88' lang='lat'>110</span> <span class='ocrx_word' id='word_1_2' title='bbox 804 182 825 215; x_wconf 77' lang='lat' dir='ltr'>J</span> <span class='ocrx_word' id='word_1_3' title='bbox 829 182 982 215; x_wconf 87' lang='lat' dir='ltr'>ohannis</span> <span class='ocrx_word' id='word_1_4' title='bbox 1007 181 1177 214; x_wconf 84' lang='lat' dir='ltr'>Pechami</span> <span class='ocrx_word' id='word_1_5' title='bbox 1204 181 1457 218; x_wconf 82' lang='lat' dir='ltr'>Quaestiones.</span> 
     </span>
    </p>
   </div>
   <div class='ocr_carea' id='block_1_2' title="bbox 292 275 2038 2618">
    <p class='ocr_par' dir='ltr' id='par_1_2' title="bbox 292 275 1970 434">
     <span class='ocr_line' id='line_1_2' title="bbox 292 275 1967 326; baseline -0.004 -9"><span class='ocrx_word' id='word_1_6' title='bbox 292 281 477 326; x_wconf 91' lang='lat' dir='ltr'>sequitur</span> <span class='ocrx_word' id='word_1_7' title='bbox 501 280 641 326; x_wconf 83' lang='lat' dir='ltr'>passio</span> <span class='ocrx_word' id='word_1_8' title='bbox 669 280 709 316; x_wconf 92' lang='lat' dir='ltr'>et</span> <span class='ocrx_word' id='word_1_9' title='bbox 736 278 953 324; x_wconf 83' lang='lat' dir='ltr'><strong>corruptio.</strong></span> <span class='ocrx_word' id='word_1_10' title='bbox 1004 278 1136 314; x_wconf 89' lang='lat' dir='ltr'>Prima</span> <span class='ocrx_word' id='word_1_11' title='bbox 1162 278 1359 322; x_wconf 89' lang='lat' dir='ltr'>probatur</span> <span class='ocrx_word' id='word_1_12' title='bbox 1383 276 1498 318; x_wconf 79' lang='lat' dir='ltr'>intra,</span> <span class='ocrx_word' id='word_1_13' title='bbox 1525 276 1620 321; x_wconf 91' lang='lat' dir='ltr'>quia</span> <span class='ocrx_word' id='word_1_14' title='bbox 1645 277 1688 312; x_wconf 92' lang='lat' dir='ltr'>ut</span> <span class='ocrx_word' id='word_1_15' title='bbox 1707 275 1903 321; x_wconf 86' lang='lat' dir='ltr'>probatur</span> <span class='ocrx_word' id='word_1_16' title='bbox 1928 275 1967 312; x_wconf 91' lang='lat' dir='ltr'>in</span> 
     </span>
     <span class='ocr_line' id='line_1_3' title="bbox 292 335 1970 384; baseline -0.004 -8"><span class='ocrx_word' id='word_1_17' title='bbox 292 339 586 384; x_wconf 74' lang='lat' dir='ltr'>Perspectiva¹‚</span> <span class='ocrx_word' id='word_1_18' title='bbox 621 338 728 374; x_wconf 89' lang='lat' dir='ltr'>actio</span> <span class='ocrx_word' id='word_1_19' title='bbox 763 337 842 373; x_wconf 88' lang='lat' dir='ltr'>visi</span> <span class='ocrx_word' id='word_1_20' title='bbox 879 337 919 372; x_wconf 95' lang='lat' dir='ltr'>in</span> <span class='ocrx_word' id='word_1_21' title='bbox 955 336 1087 372; x_wconf 91' lang='lat' dir='ltr'>visum</span> <span class='ocrx_word' id='word_1_22' title='bbox 1116 338 1179 372; x_wconf 91' lang='lat' dir='ltr'>est</span> <span class='ocrx_word' id='word_1_23' title='bbox 1204 336 1311 372; x_wconf 88' lang='lat' dir='ltr'>actio</span> <span class='ocrx_word' id='word_1_24' title='bbox 1338 335 1543 371; x_wconf 91' lang='lat' dir='ltr'>dolorosa.</span> <span class='ocrx_word' id='word_1_25' title='bbox 1593 335 1719 371; x_wconf 84' lang='lat' dir='ltr'>Dolor</span> <span class='ocrx_word' id='word_1_26' title='bbox 1744 336 1880 371; x_wconf 91' lang='lat' dir='ltr'>autem</span> <span class='ocrx_word' id='word_1_27' title='bbox 1907 336 1970 371; x_wconf 89' lang='lat' dir='ltr'>est</span> 
     </span>
     <span class='ocr_line' id='line_1_4' title="bbox 293 397 584 434; baseline -0.003 0"><span class='ocrx_word' id='word_1_28' title='bbox 293 408 317 434; x_wconf 93' lang='lat' dir='ltr'>a</span> <span class='ocrx_word' id='word_1_29' title='bbox 344 397 548 434; x_wconf 88' lang='lat' dir='ltr'>contrario</span> <span class='ocrx_word' id='word_1_30' title='bbox 560 399 584 433; x_wconf 76' lang='lat'>2.</span> 
     </span>
    </p>

    <p class='ocr_par' dir='ltr' id='par_1_3' title="bbox 294 452 2007 794">
     <span class='ocr_line' id='line_1_5' title="bbox 433 452 1969 499; baseline -0.003 -7"><span class='ocrx_word' id='word_1_31' title='bbox 433 458 464 492; x_wconf 86' lang='lat'>7.</span> <span class='ocrx_word' id='word_1_32' title='bbox 491 456 591 492; x_wconf 91' lang='lat' dir='ltr'>Item</span> <span class='ocrx_word' id='word_1_33' title='bbox 617 455 945 499; x_wconf 87' lang='lat' dir='ltr'>Philosophus</span> <span class='ocrx_word' id='word_1_34' title='bbox 979 454 1100 490; x_wconf 83' lang='lat' dir='ltr'>dicit3</span> <span class='ocrx_word' id='word_1_35' title='bbox 1138 453 1247 498; x_wconf 88' lang='lat' dir='ltr'>quod</span> <span class='ocrx_word' id='word_1_36' title='bbox 1285 452 1547 497; x_wconf 84' lang='lat' dir='ltr'>corruptibile</span> <span class='ocrx_word' id='word_1_37' title='bbox 1587 454 1628 488; x_wconf 92' lang='lat' dir='ltr'>et</span> <span class='ocrx_word' id='word_1_38' title='bbox 1665 452 1969 497; x_wconf 75' lang='lat' dir='ltr'>incorruptibile</span> 
     </span>
     <span class='ocr_line' id='line_1_6' title="bbox 294 511 2007 560; baseline -0.002 -10"><span class='ocrx_word' id='word_1_39' title='bbox 294 514 486 550; x_wconf 78' lang='lat' dir='ltr'>differunt</span> <span class='ocrx_word' id='word_1_40' title='bbox 511 523 678 560; x_wconf 84' lang='lat' dir='ltr'>genere,</span> <span class='ocrx_word' id='word_1_41' title='bbox 719 514 812 558; x_wconf 76' lang='lat' dir='ltr'>quia</span> <span class='ocrx_word' id='word_1_42' title='bbox 838 523 921 549; x_wconf 92' lang='lat' dir='ltr'>non</span> <span class='ocrx_word' id='word_1_43' title='bbox 949 513 1201 550; x_wconf 91' lang='lat' dir='ltr'>conveniunt</span> <span class='ocrx_word' id='word_1_44' title='bbox 1227 512 1267 547; x_wconf 92' lang='lat' dir='ltr'>in</span> <span class='ocrx_word' id='word_1_45' title='bbox 1293 521 1375 547; x_wconf 91' lang='lat' dir='ltr'>una</span> <span class='ocrx_word' id='word_1_46' title='bbox 1400 511 1596 556; x_wconf 89' lang='lat' dir='ltr'>potentia,</span> <span class='ocrx_word' id='word_1_47' title='bbox 1636 511 1730 555; x_wconf 91' lang='lat' dir='ltr'>quia</span> <span class='ocrx_word' id='word_1_48' title='bbox 1764 511 1972 556; x_wconf 89' lang='lat' dir='ltr'>incorrup—</span> <span class='ocrx_word' id='word_1_49' title='bbox 1991 519 2007 543; x_wconf 83' lang='lat'><strong>5</strong></span> 
     </span>
     <span class='ocr_line' id='line_1_7' title="bbox 294 570 1972 618; baseline -0.002 -9"><span class='ocrx_word' id='word_1_50' title='bbox 294 573 406 609; x_wconf 91' lang='lat' dir='ltr'>tibile</span> <span class='ocrx_word' id='word_1_51' title='bbox 433 572 566 618; x_wconf 87' lang='lat' dir='ltr'>privat</span> <span class='ocrx_word' id='word_1_52' title='bbox 591 573 818 618; x_wconf 88' lang='lat' dir='ltr'>potentiam</span> <span class='ocrx_word' id='word_1_53' title='bbox 845 573 896 608; x_wconf 91' lang='lat' dir='ltr'>ad</span> <span class='ocrx_word' id='word_1_54' title='bbox 924 571 1228 616; x_wconf 82' lang='lat' dir='ltr'>corruptionem</span> <span class='ocrx_word' id='word_1_55' title='bbox 1269 572 1309 607; x_wconf 91' lang='lat' dir='ltr'>et</span> <span class='ocrx_word' id='word_1_56' title='bbox 1347 571 1526 607; x_wconf 90' lang='lat' dir='ltr'>econtra.</span> <span class='ocrx_word' id='word_1_57' title='bbox 1577 570 1666 606; x_wconf 93' lang='lat' dir='ltr'>Non</span> <span class='ocrx_word' id='word_1_58' title='bbox 1706 571 1799 606; x_wconf 90' lang='lat' dir='ltr'>sunt</span> <span class='ocrx_word' id='word_1_59' title='bbox 1835 572 1972 606; x_wconf 87' lang='lat' dir='ltr'>autem</span> 
     </span>
     <span class='ocr_line' id='line_1_8' title="bbox 295 628 1972 678; baseline -0.002 -10"><span class='ocrx_word' id='word_1_60' title='bbox 295 632 335 668; x_wconf 93' lang='lat' dir='ltr'>in</span> <span class='ocrx_word' id='word_1_61' title='bbox 363 641 518 678; x_wconf 87' lang='lat' dir='ltr'>genere</span> <span class='ocrx_word' id='word_1_62' title='bbox 546 641 638 673; x_wconf 91' lang='lat' dir='ltr'>uno,</span> <span class='ocrx_word' id='word_1_63' title='bbox 678 631 756 667; x_wconf 89' lang='lat' dir='ltr'>nisi</span> <span class='ocrx_word' id='word_1_64' title='bbox 792 640 897 676; x_wconf 88' lang='lat' dir='ltr'>quae</span> <span class='ocrx_word' id='word_1_65' title='bbox 934 631 1029 666; x_wconf 88' lang='lat' dir='ltr'>sunt</span> <span class='ocrx_word' id='word_1_66' title='bbox 1054 630 1094 665; x_wconf 92' lang='lat' dir='ltr'>in</span> <span class='ocrx_word' id='word_1_67' title='bbox 1121 640 1203 666; x_wconf 89' lang='lat' dir='ltr'>una</span> <span class='ocrx_word' id='word_1_68' title='bbox 1228 629 1448 674; x_wconf 80' lang='lat' dir='ltr'>potentia4.</span> <span class='ocrx_word' id='word_1_69' title='bbox 1497 628 1603 674; x_wconf 88' lang='lat' dir='ltr'>Ergo</span> <span class='ocrx_word' id='word_1_70' title='bbox 1631 630 1695 665; x_wconf 90' lang='lat' dir='ltr'>est</span> <span class='ocrx_word' id='word_1_71' title='bbox 1719 629 1972 674; x_wconf 90' lang='lat' dir='ltr'>impossibile</span> 
     </span>
     <span class='ocr_line' id='line_1_9' title="bbox 295 687 1974 736; baseline -0.002 -9"><span class='ocrx_word' id='word_1_72' title='bbox 295 690 447 736; x_wconf 88' lang='lat' dir='ltr'>aliquid</span> <span class='ocrx_word' id='word_1_73' title='bbox 472 700 608 731; x_wconf 91' lang='lat' dir='ltr'>unum,</span> <span class='ocrx_word' id='word_1_74' title='bbox 648 699 820 726; x_wconf 88' lang='lat' dir='ltr'>manens</span> <span class='ocrx_word' id='word_1_75' title='bbox 847 699 983 730; x_wconf 84' lang='lat' dir='ltr'>unum,</span> <span class='ocrx_word' id='word_1_76' title='bbox 1024 689 1133 734; x_wconf 92' lang='lat' dir='ltr'>quod</span> <span class='ocrx_word' id='word_1_77' title='bbox 1159 689 1271 734; x_wconf 90' lang='lat' dir='ltr'>prius</span> <span class='ocrx_word' id='word_1_78' title='bbox 1299 689 1363 724; x_wconf 90' lang='lat' dir='ltr'>est</span> <span class='ocrx_word' id='word_1_79' title='bbox 1396 688 1669 732; x_wconf 82' lang='lat' dir='ltr'>corruptibile,</span> <span class='ocrx_word' id='word_1_80' title='bbox 1704 689 1850 733; x_wconf 92' lang='lat' dir='ltr'>postea</span> <span class='ocrx_word' id='word_1_81' title='bbox 1882 687 1974 724; x_wconf 78' lang='lat' dir='ltr'>fieri</span> 
     </span>
     <span class='ocr_line' id='line_1_10' title="bbox 296 749 613 794; baseline -0.006 -8"><span class='ocrx_word' id='word_1_82' title='bbox 296 749 613 794; x_wconf 89' lang='lat' dir='ltr'>incorruptibile.</span> 
     </span>
    </p>

    <p class='ocr_par' dir='ltr' id='par_1_4' title="bbox 297 805 2031 1146">
     <span class='ocr_line' id='line_1_11' title="bbox 435 805 2027 853; baseline -0.001 -9"><span class='ocrx_word' id='word_1_83' title='bbox 435 809 467 844; x_wconf 89' lang='lat'>8.</span> <span class='ocrx_word' id='word_1_84' title='bbox 493 808 592 844; x_wconf 90' lang='lat' dir='ltr'>Item</span> <span class='ocrx_word' id='word_1_85' title='bbox 612 817 768 853; x_wconf 86' lang='lat' dir='ltr'>genera</span> <span class='ocrx_word' id='word_1_86' title='bbox 788 808 1090 853; x_wconf 87' lang='lat' dir='ltr'>distinguuntur</span> <span class='ocrx_word' id='word_1_87' title='bbox 1109 816 1240 852; x_wconf 88' lang='lat' dir='ltr'>penes</span> <span class='ocrx_word' id='word_1_88' title='bbox 1262 805 1517 842; x_wconf 73' lang='lat' dir='ltr'>differentias</span> <span class='ocrx_word' id='word_1_89' title='bbox 1539 805 1761 850; x_wconf 89' lang='lat' dir='ltr'>oppositas,</span> <span class='ocrx_word' id='word_1_90' title='bbox 1782 815 1884 850; x_wconf 89' lang='lat' dir='ltr'>quas</span> <span class='ocrx_word' id='word_1_91' title='bbox 1905 805 1974 841; x_wconf 92' lang='lat' dir='ltr'>im·</span> <span class='ocrx_word' id='word_1_92' title='bbox 1997 818 2027 843; x_wconf 86' lang='grc' dir='ltr'>ιο</span> 
     </span>
     <span class='ocr_line' id='line_1_12' title="bbox 297 864 1974 913; baseline -0.002 -10"><span class='ocrx_word' id='word_1_93' title='bbox 297 867 494 913; x_wconf 87' lang='lat' dir='ltr'>possibile</span> <span class='ocrx_word' id='word_1_94' title='bbox 522 867 586 902; x_wconf 89' lang='lat' dir='ltr'>est</span> <span class='ocrx_word' id='word_1_95' title='bbox 611 866 652 902; x_wconf 92' lang='lat' dir='ltr'>in</span> <span class='ocrx_word' id='word_1_96' title='bbox 679 866 824 903; x_wconf 88' lang='lat' dir='ltr'>eodem</span> <span class='ocrx_word' id='word_1_97' title='bbox 851 866 1034 911; x_wconf 87' lang='lat' dir='ltr'>reperiri.</span> <span class='ocrx_word' id='word_1_98' title='bbox 1077 865 1233 910; x_wconf 89' lang='lat' dir='ltr'>Corpus</span> <span class='ocrx_word' id='word_1_99' title='bbox 1255 866 1391 901; x_wconf 88' lang='lat' dir='ltr'>autem</span> <span class='ocrx_word' id='word_1_100' title='bbox 1413 865 1603 901; x_wconf 92' lang='lat' dir='ltr'>dividitur</span> <span class='ocrx_word' id='word_1_101' title='bbox 1622 864 1752 909; x_wconf 90' lang='lat' dir='ltr'>prima</span> <span class='ocrx_word' id='word_1_102' title='bbox 1772 864 1974 900; x_wconf 87' lang='lat' dir='ltr'>divisione</span> 
     </span>
     <span class='ocr_line' id='line_1_13' title="bbox 297 923 1974 971; baseline -0.002 -9"><span class='ocrx_word' id='word_1_103' title='bbox 297 935 371 971; x_wconf 91' lang='lat' dir='ltr'>per</span> <span class='ocrx_word' id='word_1_104' title='bbox 397 925 659 970; x_wconf 86' lang='lat' dir='ltr'>corruptibile</span> <span class='ocrx_word' id='word_1_105' title='bbox 688 927 728 961; x_wconf 91' lang='lat' dir='ltr'>et</span> <span class='ocrx_word' id='word_1_106' title='bbox 754 924 1071 969; x_wconf 89' lang='lat' dir='ltr'>incorruptibile.</span> <span class='ocrx_word' id='word_1_107' title='bbox 1122 924 1201 960; x_wconf 92' lang='lat' dir='ltr'>Aut</span> <span class='ocrx_word' id='word_1_108' title='bbox 1237 924 1359 969; x_wconf 90' lang='lat' dir='ltr'>igitur</span> <span class='ocrx_word' id='word_1_109' title='bbox 1393 933 1542 968; x_wconf 89' lang='lat' dir='ltr'>corpus</span> <span class='ocrx_word' id='word_1_110' title='bbox 1579 924 1799 959; x_wconf 84' lang='lat' dir='ltr'>humanum</span> <span class='ocrx_word' id='word_1_111' title='bbox 1835 924 1898 959; x_wconf 89' lang='lat' dir='ltr'>est</span> <span class='ocrx_word' id='word_1_112' title='bbox 1924 923 1974 959; x_wconf 92' lang='lat' dir='ltr'>de</span> 
     </span>
     <span class='ocr_line' id='line_1_14' title="bbox 297 981 1974 1031; baseline -0.002 -11"><span class='ocrx_word' id='word_1_113' title='bbox 297 993 450 1031; x_wconf 84' lang='lat' dir='ltr'>genere</span> <span class='ocrx_word' id='word_1_114' title='bbox 479 983 798 1028; x_wconf 88' lang='lat' dir='ltr'>corruptibilium</span> <span class='ocrx_word' id='word_1_115' title='bbox 820 985 889 1019; x_wconf 92' lang='lat' dir='ltr'>aut</span> <span class='ocrx_word' id='word_1_116' title='bbox 908 982 1283 1028; x_wconf 90' lang='lat' dir='ltr'>incorruptibilium.</span> <span class='ocrx_word' id='word_1_117' title='bbox 1335 982 1377 1018; x_wconf 91' lang='lat' dir='ltr'>Si</span> <span class='ocrx_word' id='word_1_118' title='bbox 1396 983 1447 1018; x_wconf 91' lang='lat' dir='ltr'>de</span> <span class='ocrx_word' id='word_1_119' title='bbox 1468 991 1622 1027; x_wconf 88' lang='lat' dir='ltr'>genere</span> <span class='ocrx_word' id='word_1_120' title='bbox 1644 981 1974 1026; x_wconf 83' lang='lat' dir='ltr'>corruptibilium,</span> 
     </span>
     <span class='ocr_line' id='line_1_15' title="bbox 297 1040 1976 1088; baseline -0.002 -10"><span class='ocrx_word' id='word_1_121' title='bbox 297 1052 380 1078; x_wconf 91' lang='lat' dir='ltr'>non</span> <span class='ocrx_word' id='word_1_122' title='bbox 415 1043 554 1088; x_wconf 89' lang='lat' dir='ltr'>potest</span> <span class='ocrx_word' id='word_1_123' title='bbox 587 1042 763 1078; x_wconf 85' lang='lat' dir='ltr'>transire</span> <span class='ocrx_word' id='word_1_124' title='bbox 799 1042 839 1077; x_wconf 91' lang='lat' dir='ltr'>in</span> <span class='ocrx_word' id='word_1_125' title='bbox 876 1041 1108 1086; x_wconf 89' lang='lat' dir='ltr'>oppositam</span> <span class='ocrx_word' id='word_1_126' title='bbox 1144 1040 1432 1082; x_wconf 74' lang='lat' dir='ltr'>differentiam,</span> <span class='ocrx_word' id='word_1_127' title='bbox 1477 1042 1520 1076; x_wconf 92' lang='lat' dir='ltr'>ut</span> <span class='ocrx_word' id='word_1_128' title='bbox 1554 1040 1605 1075; x_wconf 89' lang='lat' dir='ltr'>sit</span> <span class='ocrx_word' id='word_1_129' title='bbox 1640 1040 1691 1076; x_wconf 93' lang='lat' dir='ltr'>de</span> <span class='ocrx_word' id='word_1_130' title='bbox 1729 1049 1884 1086; x_wconf 84' lang='lat' dir='ltr'>genere</span> <span class='ocrx_word' id='word_1_131' title='bbox 1920 1040 1976 1075; x_wconf 81' lang='lat' dir='ltr'>in-</span> 
     </span>
     <span class='ocr_line' id='line_1_16' title="bbox 298 1101 2031 1146; baseline -0.001 -9"><span class='ocrx_word' id='word_1_132' title='bbox 298 1101 619 1146; x_wconf 85' lang='lat' dir='ltr'>corruptibilium</span> <span class='ocrx_word' id='word_1_133' title='bbox 629 1104 655 1136; x_wconf 79' lang='lat'>5.</span> <span class='ocrx_word' id='word_1_134' title='bbox 1999 1111 2031 1136; x_wconf 83' lang='lat'>15</span> 
     </span>
    </p>

    <p class='ocr_par' dir='ltr' id='par_1_5' title="bbox 302 1157 1976 1264">
     <span class='ocr_line' id='line_1_17' title="bbox 438 1157 1976 1204; baseline -0.001 -9"><span class='ocrx_word' id='word_1_135' title='bbox 438 1161 470 1196; x_wconf 88' lang='grc'>9.</span> <span class='ocrx_word' id='word_1_136' title='bbox 497 1159 786 1204; x_wconf 87' lang='lat' dir='ltr'>Respondetur</span> <span class='ocrx_word' id='word_1_137' title='bbox 812 1159 921 1204; x_wconf 86' lang='lat' dir='ltr'>quod</span> <span class='ocrx_word' id='word_1_138' title='bbox 946 1168 1022 1203; x_wconf 91' lang='lat' dir='ltr'>per</span> <span class='ocrx_word' id='word_1_139' title='bbox 1047 1159 1233 1195; x_wconf 87' lang='lat' dir='ltr'>naturam</span> <span class='ocrx_word' id='word_1_140' title='bbox 1261 1159 1325 1194; x_wconf 89' lang='lat' dir='ltr'>est</span> <span class='ocrx_word' id='word_1_141' title='bbox 1363 1158 1413 1194; x_wconf 90' lang='lat' dir='ltr'>de</span> <span class='ocrx_word' id='word_1_142' title='bbox 1452 1167 1607 1204; x_wconf 86' lang='lat' dir='ltr'>genere</span> <span class='ocrx_word' id='word_1_143' title='bbox 1646 1157 1976 1203; x_wconf 88' lang='lat' dir='ltr'>corruptibilium,</span> 
     </span>
     <span class='ocr_line' id='line_1_18' title="bbox 302 1218 1092 1264; baseline 0 -10"><span class='ocrx_word' id='word_1_144' title='bbox 302 1219 377 1255; x_wconf 87' lang='lat' dir='ltr'>sed</span> <span class='ocrx_word' id='word_1_145' title='bbox 404 1228 480 1263; x_wconf 90' lang='lat' dir='ltr'>per</span> <span class='ocrx_word' id='word_1_146' title='bbox 504 1219 676 1264; x_wconf 82' lang='lat' dir='ltr'>gloriam</span> <span class='ocrx_word' id='word_1_147' title='bbox 703 1218 748 1254; x_wconf 78' lang='lat' dir='ltr'>fit</span> <span class='ocrx_word' id='word_1_148' title='bbox 774 1218 1092 1263; x_wconf 89' lang='lat' dir='ltr'>incorruptibile.</span> 
     </span>
    </p>

    <p class='ocr_par' dir='ltr' id='par_1_6' title="bbox 299 1276 2033 1559">
     <span class='ocr_line' id='line_1_19' title="bbox 440 1276 1977 1322; baseline -0.001 -9"><span class='ocrx_word' id='word_1_149' title='bbox 440 1277 611 1313; x_wconf 85' lang='lat' dir='ltr'>Contra:</span> <span class='ocrx_word' id='word_1_150' title='bbox 638 1277 731 1313; x_wconf 88' lang='lat' dir='ltr'>Plus</span> <span class='ocrx_word' id='word_1_151' title='bbox 750 1276 944 1314; x_wconf 77' lang='lat' dir='ltr'>differunt</span> <span class='ocrx_word' id='word_1_152' title='bbox 963 1286 1120 1322; x_wconf 89' lang='lat' dir='ltr'>genera</span> <span class='ocrx_word' id='word_1_153' title='bbox 1141 1286 1261 1321; x_wconf 91' lang='lat' dir='ltr'>quam</span> <span class='ocrx_word' id='word_1_154' title='bbox 1281 1276 1457 1321; x_wconf 89' lang='lat' dir='ltr'>species.</span> <span class='ocrx_word' id='word_1_155' title='bbox 1501 1276 1581 1312; x_wconf 89' lang='lat' dir='ltr'>Sed</span> <span class='ocrx_word' id='word_1_156' title='bbox 1604 1276 1778 1321; x_wconf 89' lang='lat' dir='ltr'>species,</span> <span class='ocrx_word' id='word_1_157' title='bbox 1805 1285 1977 1312; x_wconf 90' lang='lat' dir='ltr'>manens</span> 
     </span>
     <span class='ocr_line' id='line_1_20' title="bbox 300 1334 1979 1382; baseline -0.002 -9"><span class='ocrx_word' id='word_1_158' title='bbox 300 1337 476 1382; x_wconf 83' lang='lat' dir='ltr'>species,</span> <span class='ocrx_word' id='word_1_159' title='bbox 497 1347 579 1373; x_wconf 92' lang='lat' dir='ltr'>non</span> <span class='ocrx_word' id='word_1_160' title='bbox 601 1337 737 1381; x_wconf 93' lang='lat' dir='ltr'>potest</span> <span class='ocrx_word' id='word_1_161' title='bbox 754 1336 890 1381; x_wconf 88' lang='lat' dir='ltr'>aliquo</span> <span class='ocrx_word' id='word_1_162' title='bbox 912 1337 1045 1378; x_wconf 89' lang='lat' dir='ltr'>modo,</span> <span class='ocrx_word' id='word_1_163' title='bbox 1073 1336 1194 1372; x_wconf 90' lang='lat' dir='ltr'>etiam</span> <span class='ocrx_word' id='word_1_164' title='bbox 1216 1345 1291 1380; x_wconf 91' lang='lat' dir='ltr'>per</span> <span class='ocrx_word' id='word_1_165' title='bbox 1310 1335 1557 1377; x_wconf 85' lang='lat' dir='ltr'>miraculum,</span> <span class='ocrx_word' id='word_1_166' title='bbox 1582 1335 1769 1371; x_wconf 92' lang='lat' dir='ltr'>obtinere</span> <span class='ocrx_word' id='word_1_167' title='bbox 1790 1334 1979 1371; x_wconf 75' lang='lat' dir='ltr'>differen-</span> 
     </span>
     <span class='ocr_line' id='line_1_21' title="bbox 299 1393 2033 1440; baseline -0.001 -9"><span class='ocrx_word' id='word_1_168' title='bbox 299 1395 396 1432; x_wconf 88' lang='lat' dir='ltr'>tiam</span> <span class='ocrx_word' id='word_1_169' title='bbox 432 1395 647 1440; x_wconf 87' lang='lat' dir='ltr'>oppositae</span> <span class='ocrx_word' id='word_1_170' title='bbox 682 1395 836 1440; x_wconf 90' lang='lat' dir='ltr'>speciei</span> <span class='ocrx_word' id='word_1_171' title='bbox 847 1403 856 1438; x_wconf 82' lang='lat'>;</span> <span class='ocrx_word' id='word_1_172' title='bbox 895 1395 999 1430; x_wconf 88' lang='lat' dir='ltr'>sicut</span> <span class='ocrx_word' id='word_1_173' title='bbox 1024 1394 1178 1433; x_wconf 82' lang='lat' dir='ltr'>asinus,</span> <span class='ocrx_word' id='word_1_174' title='bbox 1218 1404 1390 1430; x_wconf 88' lang='lat' dir='ltr'>manens</span> <span class='ocrx_word' id='word_1_175' title='bbox 1417 1394 1569 1436; x_wconf 88' lang='lat' dir='ltr'>asinus,</span> <span class='ocrx_word' id='word_1_176' title='bbox 1608 1403 1691 1430; x_wconf 90' lang='lat' dir='ltr'>non</span> <span class='ocrx_word' id='word_1_177' title='bbox 1723 1394 1860 1438; x_wconf 91' lang='lat' dir='ltr'>potest</span> <span class='ocrx_word' id='word_1_178' title='bbox 1889 1393 1981 1429; x_wconf 76' lang='lat' dir='ltr'>fieri</span> <span class='ocrx_word' id='word_1_179' title='bbox 1999 1405 2033 1430; x_wconf 75' lang='lat'>20</span> 
     </span>
     <span class='ocr_line' id='line_1_22' title="bbox 299 1453 1979 1500; baseline -0.001 -10"><span class='ocrx_word' id='word_1_180' title='bbox 299 1454 522 1490; x_wconf 71' lang='lat' dir='ltr'>rationalis</span> <span class='ocrx_word' id='word_1_181' title='bbox 560 1453 665 1500; x_wconf 88' lang='lat' dir='ltr'>Ergo</span> <span class='ocrx_word' id='word_1_182' title='bbox 685 1463 753 1490; x_wconf 92' lang='lat' dir='ltr'>res</span> <span class='ocrx_word' id='word_1_183' title='bbox 776 1453 1059 1498; x_wconf 84' lang='lat' dir='ltr'>corruptibilis⁷</span> <span class='ocrx_word' id='word_1_184' title='bbox 1086 1463 1257 1490; x_wconf 89' lang='lat' dir='ltr'>manens</span> <span class='ocrx_word' id='word_1_185' title='bbox 1285 1454 1336 1489; x_wconf 89' lang='lat' dir='ltr'>de</span> <span class='ocrx_word' id='word_1_186' title='bbox 1364 1462 1518 1498; x_wconf 88' lang='lat' dir='ltr'>genere</span> <span class='ocrx_word' id='word_1_187' title='bbox 1540 1453 1869 1498; x_wconf 88' lang='lat' dir='ltr'>corruptibilium,</span> <span class='ocrx_word' id='word_1_188' title='bbox 1896 1462 1979 1488; x_wconf 91' lang='lat' dir='ltr'>non</span> 
     </span>
     <span class='ocr_line' id='line_1_23' title="bbox 301 1512 1224 1559; baseline -0.001 -10"><span class='ocrx_word' id='word_1_189' title='bbox 301 1514 438 1559; x_wconf 89' lang='lat' dir='ltr'>potest</span> <span class='ocrx_word' id='word_1_190' title='bbox 465 1512 601 1557; x_wconf 86' lang='lat' dir='ltr'>aliquo</span> <span class='ocrx_word' id='word_1_191' title='bbox 629 1514 751 1549; x_wconf 90' lang='lat' dir='ltr'>modo</span> <span class='ocrx_word' id='word_1_192' title='bbox 778 1512 869 1548; x_wconf 80' lang='lat' dir='ltr'>fieri</span> <span class='ocrx_word' id='word_1_193' title='bbox 894 1513 1224 1557; x_wconf 89' lang='lat' dir='ltr'>incorruptibilis.</span> 
     </span>
    </p>

    <p class='ocr_par' dir='ltr' id='par_1_7' title="bbox 302 1571 2034 1852">
     <span class='ocr_line' id='line_1_24' title="bbox 443 1571 1981 1616; baseline -0.001 -9"><span class='ocrx_word' id='word_1_194' title='bbox 443 1571 496 1607; x_wconf 91' lang='lat'>10.</span> <span class='ocrx_word' id='word_1_195' title='bbox 523 1571 622 1607; x_wconf 92' lang='lat' dir='ltr'>Item</span> <span class='ocrx_word' id='word_1_196' title='bbox 649 1571 957 1616; x_wconf 91' lang='lat' dir='ltr'>incorruptibile</span> <span class='ocrx_word' id='word_1_197' title='bbox 985 1572 1060 1607; x_wconf 88' lang='lat' dir='ltr'>sub</span> <span class='ocrx_word' id='word_1_198' title='bbox 1088 1571 1253 1608; x_wconf 91' lang='lat' dir='ltr'>nomine</span> <span class='ocrx_word' id='word_1_199' title='bbox 1274 1571 1476 1616; x_wconf 89' lang='lat' dir='ltr'>privativo</span> <span class='ocrx_word' id='word_1_200' title='bbox 1498 1571 1594 1607; x_wconf 90' lang='lat' dir='ltr'>dicit</span> <span class='ocrx_word' id='word_1_201' title='bbox 1614 1571 1806 1612; x_wconf 90' lang='lat' dir='ltr'>habitum,</span> <span class='ocrx_word' id='word_1_202' title='bbox 1834 1572 1874 1606; x_wconf 94' lang='lat' dir='ltr'>et</span> <span class='ocrx_word' id='word_1_203' title='bbox 1895 1580 1981 1606; x_wconf 63' lang='lat' dir='ltr'>cor«</span> 
     </span>
     <span class='ocr_line' id='line_1_25' title="bbox 303 1629 1982 1675; baseline 0 -10"><span class='ocrx_word' id='word_1_204' title='bbox 303 1630 493 1675; x_wconf 88' lang='lat' dir='ltr'>ruptibile</span> <span class='ocrx_word' id='word_1_205' title='bbox 533 1630 608 1666; x_wconf 88' lang='lat' dir='ltr'>sub</span> <span class='ocrx_word' id='word_1_206' title='bbox 647 1630 813 1666; x_wconf 90' lang='lat' dir='ltr'>nomine</span> <span class='ocrx_word' id='word_1_207' title='bbox 853 1630 1014 1667; x_wconf 88' lang='lat' dir='ltr'>habitus</span> <span class='ocrx_word' id='word_1_208' title='bbox 1054 1630 1150 1666; x_wconf 92' lang='lat' dir='ltr'>dicit</span> <span class='ocrx_word' id='word_1_209' title='bbox 1188 1630 1472 1675; x_wconf 88' lang='lat' dir='ltr'>privationem.</span> <span class='ocrx_word' id='word_1_210' title='bbox 1534 1629 1707 1666; x_wconf 87' lang='lat' dir='ltr'>Facilior</span> <span class='ocrx_word' id='word_1_211' title='bbox 1743 1630 1880 1666; x_wconf 90' lang='lat' dir='ltr'>autem</span> <span class='ocrx_word' id='word_1_212' title='bbox 1919 1631 1982 1666; x_wconf 91' lang='lat' dir='ltr'>est</span> 
     </span>
     <span class='ocr_line' id='line_1_26' title="bbox 302 1688 2034 1734; baseline -0.001 -9"><span class='ocrx_word' id='word_1_213' title='bbox 302 1689 497 1725; x_wconf 83' lang='lat' dir='ltr'>transitus</span> <span class='ocrx_word' id='word_1_214' title='bbox 524 1690 576 1725; x_wconf 91' lang='lat' dir='ltr'>ab</span> <span class='ocrx_word' id='word_1_215' title='bbox 602 1689 743 1725; x_wconf 93' lang='lat' dir='ltr'>habitu</span> <span class='ocrx_word' id='word_1_216' title='bbox 769 1689 821 1725; x_wconf 92' lang='lat' dir='ltr'>ad</span> <span class='ocrx_word' id='word_1_217' title='bbox 846 1689 1119 1734; x_wconf 85' lang='lat' dir='ltr'>privationem</span> <span class='ocrx_word' id='word_1_218' title='bbox 1156 1699 1276 1734; x_wconf 89' lang='lat' dir='ltr'>quam</span> <span class='ocrx_word' id='word_1_219' title='bbox 1312 1691 1492 1725; x_wconf 92' lang='lat' dir='ltr'>econtra.</span> <span class='ocrx_word' id='word_1_220' title='bbox 1543 1689 1623 1725; x_wconf 90' lang='lat' dir='ltr'>Sed</span> <span class='ocrx_word' id='word_1_221' title='bbox 1662 1688 1980 1734; x_wconf 84' lang='lat' dir='ltr'>incorruptibile,</span> <span class='ocrx_word' id='word_1_222' title='bbox 2001 1699 2034 1723; x_wconf 73' lang='lat'>⁴25</span> 
     </span>
     <span class='ocr_line' id='line_1_27' title="bbox 304 1747 1981 1793; baseline 0 -10"><span class='ocrx_word' id='word_1_223' title='bbox 304 1757 477 1784; x_wconf 91' lang='lat' dir='ltr'>manens</span> <span class='ocrx_word' id='word_1_224' title='bbox 504 1747 822 1793; x_wconf 84' lang='lat' dir='ltr'>incorruptibile,</span> <span class='ocrx_word' id='word_1_225' title='bbox 850 1758 932 1784; x_wconf 91' lang='lat' dir='ltr'>non</span> <span class='ocrx_word' id='word_1_226' title='bbox 959 1750 1098 1793; x_wconf 88' lang='lat' dir='ltr'>potest</span> <span class='ocrx_word' id='word_1_227' title='bbox 1122 1748 1212 1785; x_wconf 77' lang='lat' dir='ltr'>fieri</span> <span class='ocrx_word' id='word_1_228' title='bbox 1239 1748 1512 1793; x_wconf 90' lang='lat' dir='ltr'>corruptibile.</span> <span class='ocrx_word' id='word_1_229' title='bbox 1562 1748 1668 1793; x_wconf 90' lang='lat' dir='ltr'>Ergo</span> <span class='ocrx_word' id='word_1_230' title='bbox 1700 1748 1824 1784; x_wconf 93' lang='lat' dir='ltr'>multo</span> <span class='ocrx_word' id='word_1_231' title='bbox 1851 1747 1981 1793; x_wconf 88' lang='lat' dir='ltr'>magis</span> 
     </span>
     <span class='ocr_line' id='line_1_28' title="bbox 304 1803 1894 1852; baseline 0 -10"><span class='ocrx_word' id='word_1_232' title='bbox 304 1806 577 1851; x_wconf 87' lang='lat' dir='ltr'>corruptibile,</span> <span class='ocrx_word' id='word_1_233' title='bbox 605 1816 777 1843; x_wconf 88' lang='lat' dir='ltr'>manens</span> <span class='ocrx_word' id='word_1_234' title='bbox 806 1808 881 1842; x_wconf 91' lang='lat' dir='ltr'>sub</span> <span class='ocrx_word' id='word_1_235' title='bbox 909 1803 1049 1851; x_wconf 85' lang='lat' dir='ltr'>specie</span> <span class='ocrx_word' id='word_1_236' title='bbox 1077 1816 1162 1847; x_wconf 90' lang='lat' dir='ltr'>sua,</span> <span class='ocrx_word' id='word_1_237' title='bbox 1190 1817 1272 1843; x_wconf 92' lang='lat' dir='ltr'>non</span> <span class='ocrx_word' id='word_1_238' title='bbox 1300 1808 1437 1851; x_wconf 86' lang='lat' dir='ltr'>potest</span> <span class='ocrx_word' id='word_1_239' title='bbox 1462 1806 1553 1843; x_wconf 77' lang='lat' dir='ltr'>fieri</span> <span class='ocrx_word' id='word_1_240' title='bbox 1578 1807 1894 1852; x_wconf 88' lang='lat' dir='ltr'>incorruptibile.</span> 
     </span>
    </p>

    <p class='ocr_par' dir='ltr' id='par_1_8' title="bbox 305 1865 2036 2138">
     <span class='ocr_line' id='line_1_29' title="bbox 445 1865 1981 1911; baseline -0.001 -9"><span class='ocrx_word' id='word_1_241' title='bbox 445 1868 499 1904; x_wconf 89' lang='lat'>11.</span> <span class='ocrx_word' id='word_1_242' title='bbox 526 1866 625 1902; x_wconf 90' lang='lat' dir='ltr'>Item</span> <span class='ocrx_word' id='word_1_243' title='bbox 652 1875 773 1902; x_wconf 93' lang='lat' dir='ltr'>omne</span> <span class='ocrx_word' id='word_1_244' title='bbox 800 1875 931 1911; x_wconf 89' lang='lat' dir='ltr'>genus</span> <span class='ocrx_word' id='word_1_245' title='bbox 960 1867 1022 1901; x_wconf 87' lang='lat' dir='ltr'>est</span> <span class='ocrx_word' id='word_1_246' title='bbox 1048 1866 1088 1901; x_wconf 93' lang='lat' dir='ltr'>in</span> <span class='ocrx_word' id='word_1_247' title='bbox 1115 1866 1300 1910; x_wconf 86' lang='lat' dir='ltr'>potentia</span> <span class='ocrx_word' id='word_1_248' title='bbox 1338 1866 1389 1901; x_wconf 89' lang='lat' dir='ltr'>ad</span> <span class='ocrx_word' id='word_1_249' title='bbox 1429 1865 1683 1901; x_wconf 78' lang='lat' dir='ltr'>differentias</span> <span class='ocrx_word' id='word_1_250' title='bbox 1711 1865 1981 1907; x_wconf 77' lang='lat' dir='ltr'>contrarias⁶;</span> 
     </span>
     <span class='ocr_line' id='line_1_30' title="bbox 306 1924 1981 1970; baseline -0.001 -9"><span class='ocrx_word' id='word_1_251' title='bbox 306 1926 347 1961; x_wconf 90' lang='lat' dir='ltr'>et</span> <span class='ocrx_word' id='word_1_252' title='bbox 372 1926 450 1961; x_wconf 93' lang='lat' dir='ltr'>hoc</span> <span class='ocrx_word' id='word_1_253' title='bbox 478 1926 541 1961; x_wconf 90' lang='lat' dir='ltr'>est</span> <span class='ocrx_word' id='word_1_254' title='bbox 567 1925 618 1961; x_wconf 91' lang='lat' dir='ltr'>de</span> <span class='ocrx_word' id='word_1_255' title='bbox 644 1925 829 1961; x_wconf 87' lang='lat' dir='ltr'>bonitate</span> <span class='ocrx_word' id='word_1_256' title='bbox 864 1926 1036 1961; x_wconf 89' lang='lat' dir='ltr'>naturae</span> <span class='ocrx_word' id='word_1_257' title='bbox 1071 1925 1248 1970; x_wconf 84' lang='lat' dir='ltr'>generis⁷</span> <span class='ocrx_word' id='word_1_258' title='bbox 1286 1925 1330 1960; x_wconf 89' lang='lat' dir='ltr'>ut</span> <span class='ocrx_word' id='word_1_259' title='bbox 1364 1925 1416 1961; x_wconf 92' lang='lat' dir='ltr'>ad</span> <span class='ocrx_word' id='word_1_260' title='bbox 1452 1924 1657 1960; x_wconf 89' lang='lat' dir='ltr'>contraria</span> <span class='ocrx_word' id='word_1_261' title='bbox 1693 1933 1738 1960; x_wconf 86' lang='lat' dir='ltr'>se</span> <span class='ocrx_word' id='word_1_262' title='bbox 1775 1924 1981 1960; x_wconf 88' lang='lat' dir='ltr'>extendat.</span> 
     </span>
     <span class='ocr_line' id='line_1_31' title="bbox 306 1982 2036 2030; baseline -0.001 -10"><span class='ocrx_word' id='word_1_263' title='bbox 306 1983 387 2020; x_wconf 85' lang='lat' dir='ltr'>Sed</span> <span class='ocrx_word' id='word_1_264' title='bbox 426 1984 557 2030; x_wconf 89' lang='lat' dir='ltr'>gloria</span> <span class='ocrx_word' id='word_1_265' title='bbox 594 1984 693 2020; x_wconf 89' lang='lat' dir='ltr'>nihil</span> <span class='ocrx_word' id='word_1_266' title='bbox 726 1984 839 2025; x_wconf 87' lang='lat' dir='ltr'>tollit,</span> <span class='ocrx_word' id='word_1_267' title='bbox 878 1985 985 2029; x_wconf 90' lang='lat' dir='ltr'>quod</span> <span class='ocrx_word' id='word_1_268' title='bbox 1026 1985 1089 2019; x_wconf 87' lang='lat' dir='ltr'>est</span> <span class='ocrx_word' id='word_1_269' title='bbox 1125 1983 1175 2019; x_wconf 90' lang='lat' dir='ltr'>de</span> <span class='ocrx_word' id='word_1_270' title='bbox 1211 1983 1394 2020; x_wconf 88' lang='lat' dir='ltr'>bonitate</span> <span class='ocrx_word' id='word_1_271' title='bbox 1421 1984 1604 2019; x_wconf 88' lang='lat' dir='ltr'>naturae.</span> <span class='ocrx_word' id='word_1_272' title='bbox 1654 1982 1759 2029; x_wconf 89' lang='lat' dir='ltr'>Ergo</span> <span class='ocrx_word' id='word_1_273' title='bbox 1792 1993 1875 2019; x_wconf 91' lang='lat' dir='ltr'>non</span> <span class='ocrx_word' id='word_1_274' title='bbox 1913 1982 1983 2018; x_wconf 92' lang='lat' dir='ltr'>im-</span> <span class='ocrx_word' id='word_1_275' title='bbox 2002 1993 2036 2018; x_wconf 84' lang='lat'>30</span> 
     </span>
     <span class='ocr_line' id='line_1_32' title="bbox 305 2042 1982 2088; baseline -0.001 -9"><span class='ocrx_word' id='word_1_276' title='bbox 305 2043 418 2088; x_wconf 91' lang='lat' dir='ltr'>pedit</span> <span class='ocrx_word' id='word_1_277' title='bbox 443 2044 630 2079; x_wconf 89' lang='lat' dir='ltr'>naturam</span> <span class='ocrx_word' id='word_1_278' title='bbox 656 2043 834 2088; x_wconf 83' lang='lat' dir='ltr'>generis,</span> <span class='ocrx_word' id='word_1_279' title='bbox 874 2052 979 2088; x_wconf 91' lang='lat' dir='ltr'>quae</span> <span class='ocrx_word' id='word_1_280' title='bbox 1008 2044 1070 2078; x_wconf 93' lang='lat' dir='ltr'>est</span> <span class='ocrx_word' id='word_1_281' title='bbox 1097 2042 1137 2078; x_wconf 89' lang='lat' dir='ltr'>in</span> <span class='ocrx_word' id='word_1_282' title='bbox 1165 2042 1339 2083; x_wconf 86' lang='lat' dir='ltr'>homine,</span> <span class='ocrx_word' id='word_1_283' title='bbox 1380 2042 1475 2087; x_wconf 89' lang='lat' dir='ltr'>quin</span> <span class='ocrx_word' id='word_1_284' title='bbox 1511 2042 1643 2087; x_wconf 88' lang='lat' dir='ltr'>possit</span> <span class='ocrx_word' id='word_1_285' title='bbox 1668 2042 1709 2079; x_wconf 89' lang='lat' dir='ltr'>in</span> <span class='ocrx_word' id='word_1_286' title='bbox 1737 2042 1982 2078; x_wconf 88' lang='lat' dir='ltr'>contrarium</span> 
     </span>
     <span class='ocr_line' id='line_1_33' title="bbox 307 2101 581 2138; baseline 0 -1"><span class='ocrx_word' id='word_1_287' title='bbox 307 2101 581 2138; x_wconf 89' lang='lat' dir='ltr'>transmutari.</span> 
     </span>
    </p>

    <p class='ocr_par' dir='ltr' id='par_1_9' title="bbox 305 2159 2038 2382">
     <span class='ocr_line' id='line_1_34' title="bbox 448 2159 1983 2205; baseline 0.002 -9"><span class='ocrx_word' id='word_1_288' title='bbox 448 2161 501 2196; x_wconf 80' lang='lat'>12.</span> <span class='ocrx_word' id='word_1_289' title='bbox 528 2160 627 2196; x_wconf 91' lang='lat' dir='ltr'>Item</span> <span class='ocrx_word' id='word_1_290' title='bbox 654 2160 732 2197; x_wconf 90' lang='lat' dir='ltr'>tria</span> <span class='ocrx_word' id='word_1_291' title='bbox 758 2162 853 2197; x_wconf 87' lang='lat' dir='ltr'>sunt</span> <span class='ocrx_word' id='word_1_292' title='bbox 872 2161 1089 2205; x_wconf 86' lang='lat' dir='ltr'>principia:</span> <span class='ocrx_word' id='word_1_293' title='bbox 1116 2160 1289 2196; x_wconf 87' lang='lat' dir='ltr'>materia</span> <span class='ocrx_word' id='word_1_294' title='bbox 1315 2160 1472 2196; x_wconf 89' lang='lat' dir='ltr'>scilicet</span> <span class='ocrx_word' id='word_1_295' title='bbox 1493 2160 1533 2196; x_wconf 91' lang='lat' dir='ltr'>et</span> <span class='ocrx_word' id='word_1_296' title='bbox 1552 2159 1683 2196; x_wconf 80' lang='lat' dir='ltr'>forma</span> <span class='ocrx_word' id='word_1_297' title='bbox 1703 2170 1752 2196; x_wconf 81' lang='lat' dir='ltr'>ac</span> <span class='ocrx_word' id='word_1_298' title='bbox 1772 2160 1946 2205; x_wconf 87' lang='lat' dir='ltr'>privatio</span> <span class='ocrx_word' id='word_1_299' title='bbox 1958 2162 1983 2199; x_wconf 76' lang='lat'>⁷.</span> 
     </span>
     <span class='ocr_line' id='line_1_35' title="bbox 305 2217 1985 2264; baseline -0.001 -9"><span class='ocrx_word' id='word_1_300' title='bbox 305 2218 560 2264; x_wconf 91' lang='lat' dir='ltr'>Ubicumque</span> <span class='ocrx_word' id='word_1_301' title='bbox 587 2220 724 2255; x_wconf 90' lang='lat' dir='ltr'>autem</span> <span class='ocrx_word' id='word_1_302' title='bbox 752 2220 815 2255; x_wconf 89' lang='lat' dir='ltr'>est</span> <span class='ocrx_word' id='word_1_303' title='bbox 841 2219 1027 2264; x_wconf 89' lang='lat' dir='ltr'>privatio,</span> <span class='ocrx_word' id='word_1_304' title='bbox 1066 2218 1322 2254; x_wconf 85' lang='lat' dir='ltr'>machinatur</span> <span class='ocrx_word' id='word_1_305' title='bbox 1348 2219 1399 2254; x_wconf 92' lang='lat' dir='ltr'>ad</span> <span class='ocrx_word' id='word_1_306' title='bbox 1426 2217 1672 2255; x_wconf 75' lang='lat' dir='ltr'>maleficium</span> <span class='ocrx_word' id='word_1_307' title='bbox 1685 2221 1709 2259; x_wconf 78' lang='lat'>8,</span> <span class='ocrx_word' id='word_1_308' title='bbox 1747 2219 1770 2254; x_wconf 92' lang='lat' dir='ltr'>i.</span> <span class='ocrx_word' id='word_1_309' title='bbox 1798 2228 1831 2254; x_wconf 81' lang='lat' dir='ltr'>e.</span> <span class='ocrx_word' id='word_1_310' title='bbox 1858 2227 1985 2254; x_wconf 85' lang='lat' dir='ltr'>causa</span> 
     </span>
     <span class='ocr_line' id='line_1_36' title="bbox 310 2277 2038 2324; baseline -0.001 -11"><span class='ocrx_word' id='word_1_311' title='bbox 310 2278 373 2313; x_wconf 89' lang='lat' dir='ltr'>est</span> <span class='ocrx_word' id='word_1_312' title='bbox 399 2277 677 2313; x_wconf 88' lang='lat' dir='ltr'>mutabilitatis</span> <span class='ocrx_word' id='word_1_313' title='bbox 703 2277 744 2313; x_wconf 86' lang='lat' dir='ltr'>in</span> <span class='ocrx_word' id='word_1_314' title='bbox 780 2277 975 2313; x_wconf 89' lang='lat' dir='ltr'>subiecto.</span> <span class='ocrx_word' id='word_1_315' title='bbox 1028 2277 1185 2324; x_wconf 89' lang='lat' dir='ltr'>Corpus</span> <span class='ocrx_word' id='word_1_316' title='bbox 1222 2278 1441 2313; x_wconf 91' lang='lat' dir='ltr'>humanum</span> <span class='ocrx_word' id='word_1_317' title='bbox 1478 2286 1560 2313; x_wconf 94' lang='lat' dir='ltr'>non</span> <span class='ocrx_word' id='word_1_318' title='bbox 1596 2278 1732 2322; x_wconf 87' lang='lat' dir='ltr'>potest</span> <span class='ocrx_word' id='word_1_319' title='bbox 1767 2277 1927 2313; x_wconf 91' lang='lat' dir='ltr'>absolvi</span> <span class='ocrx_word' id='word_1_320' title='bbox 1961 2286 2038 2313; x_wconf 80' lang='lat' dir='ltr'>a35</span> 
     </span>
     <span class='ocr_line' id='line_1_37' title="bbox 309 2335 809 2382; baseline 0.002 -11"><span class='ocrx_word' id='word_1_321' title='bbox 309 2336 551 2381; x_wconf 85' lang='lat' dir='ltr'>privatione.</span> <span class='ocrx_word' id='word_1_322' title='bbox 600 2335 705 2382; x_wconf 90' lang='lat' dir='ltr'>Ergo</span> <span class='ocrx_word' id='word_1_323' title='bbox 734 2337 809 2372; x_wconf 91' lang='lat' dir='ltr'>etc.</span> 
     </span>
    </p>

    <p class='ocr_par' dir='ltr' id='par_1_10' title="bbox 310 2394 2038 2618">
     <span class='ocr_line' id='line_1_38' title="bbox 450 2394 1983 2440; baseline -0.001 -9"><span class='ocrx_word' id='word_1_324' title='bbox 450 2395 565 2435; x_wconf 86' lang='lat' dir='ltr'>Quod</span> <span class='ocrx_word' id='word_1_325' title='bbox 606 2395 659 2431; x_wconf 93' lang='lat' dir='ltr'>ibi</span> <span class='ocrx_word' id='word_1_326' title='bbox 692 2395 743 2431; x_wconf 89' lang='lat' dir='ltr'>sit</span> <span class='ocrx_word' id='word_1_327' title='bbox 775 2395 960 2440; x_wconf 90' lang='lat' dir='ltr'>privatio,</span> <span class='ocrx_word' id='word_1_328' title='bbox 1000 2395 1230 2431; x_wconf 87' lang='lat' dir='ltr'>ostenditur</span> <span class='ocrx_word' id='word_1_329' title='bbox 1264 2394 1547 2440; x_wconf 89' lang='lat' dir='ltr'>multipliciter.</span> <span class='ocrx_word' id='word_1_330' title='bbox 1598 2394 1701 2435; x_wconf 88' lang='lat' dir='ltr'>Quia</span> <span class='ocrx_word' id='word_1_331' title='bbox 1735 2394 1983 2431; x_wconf 80' lang='lat' dir='ltr'>beatificatio</span> 
     </span>
     <span class='ocr_line' id='line_1_39' title="bbox 310 2448 1984 2499; baseline 0.001 -10"><span class='ocrx_word' id='word_1_332' title='bbox 310 2463 526 2499; x_wconf 89' lang='lat' dir='ltr'>corporum</span> <span class='ocrx_word' id='word_1_333' title='bbox 553 2454 702 2499; x_wconf 85' lang='lat' dir='ltr'>aliquid</span> <span class='ocrx_word' id='word_1_334' title='bbox 724 2454 827 2490; x_wconf 91' lang='lat' dir='ltr'>tollit</span> <span class='ocrx_word' id='word_1_335' title='bbox 848 2455 898 2490; x_wconf 93' lang='lat' dir='ltr'>de</span> <span class='ocrx_word' id='word_1_336' title='bbox 920 2454 1222 2490; x_wconf 88' lang='lat' dir='ltr'>conditionibus</span> <span class='ocrx_word' id='word_1_337' title='bbox 1244 2454 1527 2498; x_wconf 91' lang='lat' dir='ltr'>corporalium,</span> <span class='ocrx_word' id='word_1_338' title='bbox 1553 2464 1636 2490; x_wconf 89' lang='lat' dir='ltr'>non</span> <span class='ocrx_word' id='word_1_339' title='bbox 1661 2455 1798 2490; x_wconf 88' lang='lat' dir='ltr'>tamen</span> <span class='ocrx_word' id='word_1_340' title='bbox 1818 2448 1984 2494; x_wconf 86' lang='lat' dir='ltr'>tantum,</span> 
     </span>
     <span class='ocr_line' id='line_1_40' title="bbox 311 2512 1985 2558; baseline 0 -10"><span class='ocrx_word' id='word_1_341' title='bbox 311 2513 505 2556; x_wconf 83' lang='lat' dir='ltr'>quantum</span> <span class='ocrx_word' id='word_1_342' title='bbox 525 2513 627 2549; x_wconf 90' lang='lat' dir='ltr'>tollit</span> <span class='ocrx_word' id='word_1_343' title='bbox 647 2513 944 2549; x_wconf 88' lang='lat' dir='ltr'>transmutatio.</span> <span class='ocrx_word' id='word_1_344' title='bbox 979 2512 1061 2549; x_wconf 89' lang='lat' dir='ltr'>Sed</span> <span class='ocrx_word' id='word_1_345' title='bbox 1082 2513 1213 2549; x_wconf 86' lang='lat' dir='ltr'>omnis</span> <span class='ocrx_word' id='word_1_346' title='bbox 1234 2512 1520 2549; x_wconf 89' lang='lat' dir='ltr'>transmutatio</span> <span class='ocrx_word' id='word_1_347' title='bbox 1540 2513 1732 2558; x_wconf 92' lang='lat' dir='ltr'>relinquit</span> <span class='ocrx_word' id='word_1_348' title='bbox 1751 2513 1793 2548; x_wconf 93' lang='lat' dir='ltr'>in</span> <span class='ocrx_word' id='word_1_349' title='bbox 1814 2512 1985 2548; x_wconf 87' lang='lat' dir='ltr'>materia</span> 
     </span>
     <span class='ocr_line' id='line_1_41' title="bbox 310 2571 2038 2618; baseline 0 -11"><span class='ocrx_word' id='word_1_350' title='bbox 310 2571 609 2607; x_wconf 88' lang='lat' dir='ltr'>transmutabili</span> <span class='ocrx_word' id='word_1_351' title='bbox 633 2571 919 2616; x_wconf 82' lang='lat' dir='ltr'>privationem.</span> <span class='ocrx_word' id='word_1_352' title='bbox 970 2571 1075 2618; x_wconf 90' lang='lat' dir='ltr'>Ergo</span> <span class='ocrx_word' id='word_1_353' title='bbox 1105 2572 1229 2607; x_wconf 88' lang='lat' dir='ltr'>multo</span> <span class='ocrx_word' id='word_1_354' title='bbox 1257 2571 1386 2617; x_wconf 87' lang='lat' dir='ltr'>magis</span> <span class='ocrx_word' id='word_1_355' title='bbox 1413 2572 1635 2607; x_wconf 89' lang='lat' dir='ltr'>beatitudo.</span> <span class='ocrx_word' id='word_1_356' title='bbox 2003 2582 2038 2606; x_wconf 75' lang='lat'>40</span> 
     </span>
    </p>
   </div>
   <div class='ocr_carea' id='block_1_3' title="bbox 451 2668 1163 2708">
    <p class='ocr_par' dir='ltr' id='par_1_11' title="bbox 451 2668 1163 2708">
     <span class='ocr_line' id='line_1_42' title="bbox 451 2668 1163 2708; baseline 0 -7"><span class='ocrx_word' id='word_1_357' title='bbox 451 2669 470 2701; x_wconf 85' lang='lat'>2</span> <span class='ocrx_word' id='word_1_358' title='bbox 497 2668 580 2708; x_wconf 84' lang='lat' dir='ltr'>visi]</span> <span class='ocrx_word' id='word_1_359' title='bbox 609 2669 646 2707; x_wconf 73' lang='grc' dir='ltr'>-Ι-</span> <span class='ocrx_word' id='word_1_360' title='bbox 677 2670 873 2702; x_wconf 89' lang='lat' dir='ltr'>secundum</span> <span class='ocrx_word' id='word_1_361' title='bbox 972 2670 1013 2702; x_wconf 87' lang='grc'>17</span> <span class='ocrx_word' id='word_1_362' title='bbox 1040 2668 1091 2708; x_wconf 85' lang='lat' dir='ltr'>fit]</span> <span class='ocrx_word' id='word_1_363' title='bbox 1118 2670 1163 2701; x_wconf 90' lang='lat' dir='ltr'>sit</span> 
     </span>
    </p>
   </div>
   <div class='ocr_carea' id='block_1_4' title="bbox 450 2762 1718 2857">
    <p class='ocr_par' dir='ltr' id='par_1_12' title="bbox 450 2762 1718 2857">
     <span class='ocr_line' id='line_1_43' title="bbox 452 2762 1718 2805; baseline 0 -9"><span class='ocrx_word' id='word_1_364' title='bbox 452 2762 463 2785; x_wconf 83' lang='lat'>1</span> <span class='ocrx_word' id='word_1_365' title='bbox 489 2763 760 2803; x_wconf 87' lang='lat' dir='ltr'>Alhazenus,</span> <span class='ocrx_word' id='word_1_366' title='bbox 791 2764 922 2805; x_wconf 78' lang='lat' dir='ltr'>Optica</span> <span class='ocrx_word' id='word_1_367' title='bbox 947 2764 970 2802; x_wconf 85' lang='grc' dir='ltr'>Ι,</span> <span class='ocrx_word' id='word_1_368' title='bbox 999 2764 1051 2797; x_wconf 85' lang='grc'>26.</span> <span class='ocrx_word' id='word_1_369' title='bbox 1195 2763 1210 2785; x_wconf 81' lang='lat'>‘-&#39;</span> <span class='ocrx_word' id='word_1_370' title='bbox 1236 2764 1305 2797; x_wconf 78' lang='lat' dir='ltr'>Cir.</span> <span class='ocrx_word' id='word_1_371' title='bbox 1333 2765 1437 2796; x_wconf 73' lang='lat' dir='ltr'>Echio</span> <span class='ocrx_word' id='word_1_372' title='bbox 1463 2765 1539 2797; x_wconf 79' lang='lat' dir='ltr'>Nic.</span> <span class='ocrx_word' id='word_1_373' title='bbox 1566 2763 1638 2803; x_wconf 83' lang='lat' dir='ltr'>VII,</span> <span class='ocrx_word' id='word_1_374' title='bbox 1666 2764 1718 2796; x_wconf 77' lang='lat'>14.</span> 
     </span>
     <span class='ocr_line' id='line_1_44' title="bbox 450 2815 819 2857; baseline 0.003 -9"><span class='ocrx_word' id='word_1_375' title='bbox 450 2815 465 2838; x_wconf 81' lang='lat'>³</span> <span class='ocrx_word' id='word_1_376' title='bbox 490 2816 654 2857; x_wconf 79' lang='lat' dir='ltr'>Metaph.</span> <span class='ocrx_word' id='word_1_377' title='bbox 681 2817 736 2857; x_wconf 90' lang='lat' dir='ltr'>IX,</span> <span class='ocrx_word' id='word_1_378' title='bbox 766 2817 819 2850; x_wconf 84' lang='lat'>10.</span> 
     </span>
    </p>
   </div>
   <div class='ocr_carea' id='block_1_5' title="bbox 314 2868 1985 3070">
    <p class='ocr_par' dir='ltr' id='par_1_13' title="bbox 314 2868 1985 2963">
     <span class='ocr_line' id='line_1_45' title="bbox 451 2868 1985 2910; baseline -0.001 -8"><span class='ocrx_word' id='word_1_379' title='bbox 451 2869 465 2891; x_wconf 80' lang='lat'>4</span> <span class='ocrx_word' id='word_1_380' title='bbox 492 2869 614 2902; x_wconf 89' lang='lat' dir='ltr'>Genus</span> <span class='ocrx_word' id='word_1_381' title='bbox 641 2878 723 2902; x_wconf 85' lang='lat' dir='ltr'>esse</span> <span class='ocrx_word' id='word_1_382' title='bbox 749 2871 785 2902; x_wconf 92' lang='lat' dir='ltr'>in</span> <span class='ocrx_word' id='word_1_383' title='bbox 812 2871 976 2910; x_wconf 89' lang='lat' dir='ltr'>potentia</span> <span class='ocrx_word' id='word_1_384' title='bbox 1002 2868 1344 2910; x_wconf 86' lang='lat' dir='ltr'>(contrahibilitatis)</span> <span class='ocrx_word' id='word_1_385' title='bbox 1382 2870 1466 2902; x_wconf 87' lang='lat' dir='ltr'>dicit</span> <span class='ocrx_word' id='word_1_386' title='bbox 1504 2870 1728 2902; x_wconf 86' lang='lat' dir='ltr'>Averroes</span> <span class='ocrx_word' id='word_1_387' title='bbox 1767 2870 1801 2903; x_wconf 91' lang='lat' dir='ltr'>in</span> <span class='ocrx_word' id='word_1_388' title='bbox 1839 2870 1985 2910; x_wconf 87' lang='lat' dir='ltr'>exposi-</span> 
     </span>
     <span class='ocr_line' id='line_1_46' title="bbox 314 2921 926 2963; baseline 0.002 -9"><span class='ocrx_word' id='word_1_389' title='bbox 314 2922 413 2954; x_wconf 89' lang='lat' dir='ltr'>tione</span> <span class='ocrx_word' id='word_1_390' title='bbox 439 2921 602 2963; x_wconf 80' lang='lat' dir='ltr'>Metaph.</span> <span class='ocrx_word' id='word_1_391' title='bbox 629 2922 652 2961; x_wconf 91' lang='lat' dir='ltr'>I,</span> <span class='ocrx_word' id='word_1_392' title='bbox 680 2922 699 2954; x_wconf 89' lang='lat'>8</span> <span class='ocrx_word' id='word_1_393' title='bbox 726 2921 829 2961; x_wconf 90' lang='lat' dir='ltr'>(text.</span> <span class='ocrx_word' id='word_1_394' title='bbox 858 2921 926 2962; x_wconf 89' lang='grc'>17).</span> 
     </span>
    </p>

    <p class='ocr_par' dir='ltr' id='par_1_14' title="bbox 451 2973 1870 3016">
     <span class='ocr_line' id='line_1_47' title="bbox 451 2973 1870 3016; baseline 0 -9"><span class='ocrx_word' id='word_1_395' title='bbox 451 2974 466 2996; x_wconf 72' lang='lat'>5</span> <span class='ocrx_word' id='word_1_396' title='bbox 493 2974 562 3007; x_wconf 73' lang='lat' dir='ltr'>Cir.</span> <span class='ocrx_word' id='word_1_397' title='bbox 590 2975 734 3015; x_wconf 64' lang='lat' dir='ltr'>Arist„</span> <span class='ocrx_word' id='word_1_398' title='bbox 762 2974 926 3016; x_wconf 65' lang='lat' dir='ltr'>Metapa.</span> <span class='ocrx_word' id='word_1_399' title='bbox 952 2976 1007 3015; x_wconf 89' lang='lat' dir='ltr'>IX,</span> <span class='ocrx_word' id='word_1_400' title='bbox 1036 2976 1088 3008; x_wconf 89' lang='lat'>10.</span> <span class='ocrx_word' id='word_1_401' title='bbox 1230 2974 1245 2996; x_wconf 71' lang='lat'><em>⁶</em></span> <span class='ocrx_word' id='word_1_402' title='bbox 1271 2975 1341 3008; x_wconf 73' lang='lat' dir='ltr'>Cir.</span> <span class='ocrx_word' id='word_1_403' title='bbox 1372 2975 1491 3016; x_wconf 82' lang='lat' dir='ltr'>Topie.</span> <span class='ocrx_word' id='word_1_404' title='bbox 1517 2975 1573 3014; x_wconf 92' lang='lat' dir='ltr'>IV,</span> <span class='ocrx_word' id='word_1_405' title='bbox 1601 2976 1637 3014; x_wconf 82' lang='lat'>2;</span> <span class='ocrx_word' id='word_1_406' title='bbox 1664 2975 1735 3014; x_wconf 84' lang='lat' dir='ltr'>Vll,</span> <span class='ocrx_word' id='word_1_407' title='bbox 1762 2975 1781 3007; x_wconf 85' lang='lat'>2</span> <span class='ocrx_word' id='word_1_408' title='bbox 1809 2973 1870 3013; x_wconf 83' lang='lat'>(3).</span> 
     </span>
    </p>

    <p class='ocr_par' dir='ltr' id='par_1_15' title="bbox 453 3024 1601 3070">
     <span class='ocr_line' id='line_1_48' title="bbox 453 3024 1601 3070; baseline -0.001 -9"><span class='ocrx_word' id='word_1_409' title='bbox 453 3025 467 3049; x_wconf 82' lang='lat'><strong>7</strong></span> <span class='ocrx_word' id='word_1_410' title='bbox 493 3027 553 3065; x_wconf 65' lang='lat' dir='ltr'>De,</span> <span class='ocrx_word' id='word_1_411' title='bbox 573 3027 659 3063; x_wconf 71' lang='lat' dir='ltr'>Gen.</span> <span class='ocrx_word' id='word_1_412' title='bbox 686 3029 720 3060; x_wconf 81' lang='lat' dir='ltr'>et</span> <span class='ocrx_word' id='word_1_413' title='bbox 746 3027 849 3060; x_wconf 85' lang='lat' dir='ltr'>Corr.</span> <span class='ocrx_word' id='word_1_414' title='bbox 876 3028 914 3068; x_wconf 88' lang='lat' dir='ltr'>II,</span> <span class='ocrx_word' id='word_1_415' title='bbox 941 3029 960 3060; x_wconf 84' lang='lat'>9</span> <span class='ocrx_word' id='word_1_416' title='bbox 987 3024 1091 3070; x_wconf 89' lang='lat' dir='ltr'>(text.</span> <span class='ocrx_word' id='word_1_417' title='bbox 1119 3026 1188 3067; x_wconf 88' lang='lat'>51).</span> <span class='ocrx_word' id='word_1_418' title='bbox 1331 3026 1345 3049; x_wconf 68' lang='lat'>8</span> <span class='ocrx_word' id='word_1_419' title='bbox 1370 3027 1479 3067; x_wconf 72' lang='lat' dir='ltr'>Phys.</span> <span class='ocrx_word' id='word_1_420' title='bbox 1505 3028 1544 3066; x_wconf 87' lang='grc' dir='ltr'>ΙΙ,</span> <span class='ocrx_word' id='word_1_421' title='bbox 1571 3028 1601 3060; x_wconf 81' lang='grc'>9.</span> 
     </span>
    </p>
   </div>
  </div>
 </body>
</html>
