2095 3459
144 2054 204 2086 sol.
226 2053 296 2086 30r
307 2061 331 2085 α

337 218 402 253 128
846 214 1021 247 Johannis
1046 213 1213 246 Pechami
1240 209 1492 250 Quaestiones.

475 316 506 351 3.
532 314 594 350 Ad
630 312 792 349 tertium
827 312 939 356 patet
973 309 1182 352 instantia,
1221 308 1413 354 quoniam
1451 307 1486 343 si
1523 304 1738 351 impleatur
1772 315 1846 341 vas
1880 313 2004 342 unum

338 375 475 411 cinere
501 381 631 417 usque
657 372 709 408 ad
736 379 947 411 summum,
974 369 1111 414 potest
1135 368 1323 413 recipere
1348 366 1609 403 nihilominus
1635 366 1790 400 tantum
1815 365 1865 400 de
1886 373 2004 409 aqua,

338 434 531 479 quantum
556 430 762 475 reciperet
788 429 876 465 sine
905 428 1122 464 cineribus.
1171 427 1294 472 Igitur
1313 425 1464 468 <cinis>
1482 424 1670 469 replebat
1691 433 1764 461 vas
1787 433 1861 459 sua
1881 432 2006 468 quan—

337 489 463 532 titate,
499 492 637 527 tamen
671 488 815 533 recipit
849 486 1000 533 aliquid
1031 486 1187 529 <aliud>
1214 495 1267 521 ex
1294 494 1370 521 sua
1395 483 1568 520 naturali
1594 483 1857 528 proprietate.
1906 483 2004 520 Item

338 551 550 596 argentum
576 548 696 584 fusile
722 547 921 583 subintrat
946 546 1026 582 alia
1052 545 1225 586 metalla,
1253 553 1423 589 quorum
1450 544 1513 579 est
1540 542 1713 587 species,
1741 552 1847 587 quae
1867 543 2004 578 tamen
2043 548 2058 573 ⁵

340 610 428 645 sine
455 609 544 654 ipso
571 607 740 652 implent
765 606 857 641 loca
883 614 968 641 sua.

478 674 509 709 4.
536 673 598 709 Ad
625 672 812 717 quartum
839 669 1055 706 dicendum
1083 669 1189 713 quod
1216 667 1347 704 forma
1367 666 1688 712 appropinquius
1708 666 1907 703 adhaeret
1926 675 2008 702 ma-

340 733 467 770 teriae
494 741 615 777 quam
639 731 754 767 locus
781 730 927 765 locato.
976 728 1024 764 Et
1050 728 1143 764 ideo
1171 726 1356 772 quamvis
1384 727 1527 763 contra
1545 725 1718 762 formam
1737 726 1777 761 et
1796 725 2008 761 materiam

342 792 633 828 convertantur
658 789 827 834 implere
855 789 895 824 et
922 787 1154 827 excludere,
1188 796 1270 822 non
1296 787 1434 825 tamen
1461 785 1570 821 circa
1594 785 1729 821 locum
1755 785 1795 820 et
1820 785 2008 825 locatum,

342 852 384 888 ut
409 850 541 886 visum
568 850 641 885 est.
678 870 721 874 ——
756 847 856 883 Item
891 845 1077 891 quamvis
1112 845 1242 881 forma
1269 844 1372 881 caeli
1397 844 1563 890 impleat
1587 843 1801 880 materiam
1828 851 1944 879 suam
1970 843 2010 878 et
2030 847 2062 871 10

342 919 415 955 per
442 917 702 953 consequens
731 905 922 943 excludat
947 914 1110 941 omnem
1137 904 1257 940 aliam
1284 903 1533 944 naturaliter,
1559 903 1697 939 tamen
1723 902 1867 947 posset
1888 901 2009 942 Deus,

343 968 377 1004 si
403 968 537 1008 vellet,
565 966 679 1003 caelo
707 966 805 1002 dare
832 964 954 1001 aliam
978 963 1162 1000 formam.

482 1034 514 1068 5.
540 1031 587 1067 Et
608 1040 681 1076 per
700 1031 779 1066 hoc
798 1030 910 1074 patet
929 1028 1147 1074 responsio
1167 1027 1219 1064 ad
1240 1027 1431 1072 quintum.
1459 1025 1661 1067 Quoniam
1680 1035 1762 1063 non
1783 1029 1847 1062 est
1866 1034 2012 1070 usque-

345 1100 506 1137 quaque
534 1090 664 1126 simile
691 1089 742 1126 de
768 1088 882 1129 <loco
909 1088 950 1124 et
974 1087 1110 1123 locato
1132 1087 1173 1123 et
1193 1087 1267 1128 de>
1287 1085 1417 1122 forma
1438 1086 1478 1122 et
1498 1085 1680 1127 materia,
1706 1086 1749 1121 ut
1768 1085 1917 1121 dictum
1938 1085 2011 1120 est.

346 1150 462 1191 Quod
488 1149 522 1185 si
547 1150 737 1194 loquatur
763 1147 813 1184 de
838 1147 929 1183 1000
956 1145 1132 1184 naturali
1158 1147 1199 1182 et
1223 1145 1358 1181 locato
1386 1144 1570 1185 naturali,
1596 1145 1715 1186 <tunc
1742 1145 1828 1186 est>
1849 1143 1953 1180 sicut
1970 1143 2010 1179 in
2032 1147 2064 1172 ¹5

344 1208 515 1245 materia
541 1209 581 1244 et
605 1206 746 1243 forma.

483 1273 515 1308 6.
542 1272 603 1308 Ad
630 1272 791 1308 sextum
818 1270 1035 1307 dicendum
1062 1270 1171 1315 quod
1196 1269 1320 1314 aliqui
1345 1268 1580 1305 interimunt
1600 1268 1732 1309 istam,
1759 1277 1839 1312 qua
1858 1267 2013 1303 scilicet

346 1342 399 1368 ex
424 1331 668 1368 indivisione
695 1331 813 1367 unius
840 1330 1045 1375 probatur,
1081 1329 1189 1374 quod
1220 1337 1344 1364 unum
1379 1337 1461 1364 non
1487 1328 1624 1372 potest
1650 1336 1745 1363 esse
1771 1327 1811 1363 in
1839 1326 2012 1363 diversis

344 1391 459 1433 locis,
485 1413 529 1417 —
556 1391 700 1426 saltem
726 1399 800 1435 per
824 1388 1072 1426 miraculum.
1121 1387 1267 1423 Posset
1293 1386 1401 1423 enim
1427 1386 1549 1429 Deus,
1585 1386 1628 1422 ut
1663 1385 1811 1427 dicunt,
1847 1394 2015 1422 conver-

348 1450 467 1486 sione
493 1449 647 1491 <facta>
673 1448 791 1494 panis
819 1447 858 1483 in
886 1456 1034 1492 corpus
1062 1445 1209 1482 Christi
1234 1445 1349 1482 totali
1375 1447 1570 1490 quantum
1595 1445 1647 1481 ad
1674 1444 1945 1481 substantiam
1973 1444 2014 1480 et
2032 1445 2067 1471 20

347 1509 643 1546 dimensionem
678 1507 826 1548 facere,
861 1508 903 1542 ut
939 1515 1087 1550 corpus
1113 1504 1261 1540 Christi
1287 1505 1400 1540 esset
1425 1505 1465 1539 in
1492 1504 1666 1540 diversis
1692 1503 1793 1539 locis
1820 1503 2014 1545 localiter,

348 1569 451 1604 sicut
488 1568 610 1604 modo
648 1566 745 1602 facit
781 1566 913 1610 ipsum
941 1574 1034 1601 esse
1068 1564 1110 1600 in
1145 1563 1319 1600 diversis
1356 1563 1708 1599 sacramentaliter
1740 1563 1893 1599 mutata
1925 1562 2016 1598 sub-

348 1627 499 1663 stantia
523 1625 641 1671 panis
667 1625 709 1661 in
735 1633 883 1669 corpus
910 1623 1066 1664 Christi,
1094 1622 1294 1658 stantibus
1320 1621 1656 1658 dimensionibus.
1706 1621 1780 1658 Vel
1801 1621 1918 1658 aliter
1938 1621 2016 1657 dici

347 1686 484 1731 potest
510 1684 733 1720 secundum
760 1683 875 1724 alios,
902 1682 998 1727 quia
1022 1690 1178 1727 ponere
1204 1690 1328 1717 unum
1354 1681 1395 1717 in
1413 1680 1585 1718 diversis
1604 1680 1706 1716 locis
1728 1681 1839 1717 esset
1859 1689 2016 1725 ponere

348 1753 470 1780 unum
510 1753 604 1779 esse
643 1743 759 1788 plura
794 1743 834 1778 et
867 1742 923 1777 ita
958 1750 1113 1786 ponere
1150 1739 1341 1785 opposita
1374 1739 1703 1776 contradictorie.
1754 1739 1834 1776 Sed
1859 1747 2015 1784 ponere
2035 1745 2070 1771 25

349 1804 427 1839 duo
454 1802 495 1838 in
521 1802 668 1838 eodem
694 1802 785 1838 loco
813 1810 893 1836 non
922 1801 986 1836 est
1012 1800 1178 1844 propter
1203 1800 1281 1835 hoc
1307 1807 1462 1844 ponere
1488 1807 1612 1835 unum
1639 1808 1721 1834 non
1749 1807 1844 1835 esse
1865 1798 1916 1834 ab
1937 1797 2016 1834 alio

350 1862 566 1898 diversum.
617 1860 729 1901 Quia,
757 1859 943 1904 quamvis
970 1868 1051 1894 non
1079 1858 1281 1895 dividatur
1306 1858 1410 1899 1000,
1443 1856 1634 1893 dividitur
1658 1858 1795 1894 tamen
1820 1856 1952 1893 forma
1979 1857 2018 1892 et

349 1920 500 1966 specie.
548 1918 817 1956 Essentialius
843 1918 963 1964 igitur
988 1918 1186 1954 adhaeret
1211 1917 1281 1952 uni
1307 1916 1483 1954 indiviso
1502 1916 1542 1951 in
1563 1925 1607 1952 se
1629 1915 1853 1952 secundum
1872 1915 2017 1957 locum,

349 1988 469 2024 quam
496 1978 628 2015 diviso
655 1979 706 2014 ab
734 1977 823 2013 aliis
850 1977 1075 2013 secundum
1101 1976 1246 2012 locum.

489 2045 520 2079 7.
547 2043 608 2079 Ad
626 2045 639 2086 Η
659 2042 875 2087 septimum
900 2040 1127 2082 dicendum,
1154 2041 1262 2085 quod
1289 2040 1386 2077 illud
1412 2040 1694 2085 argumentum
1720 2039 1877 2084 probat,
1910 2038 2017 2083 quod
2038 2046 2071 2071 30

352 2101 705 2147 corpusadditum
731 2100 894 2146 corpori
918 2100 1016 2136 facit
1042 2100 1223 2136 exterius
1250 2099 1379 2135 maius
1406 2098 1644 2144 quantitate,
1671 2098 1745 2134 sed
1772 2107 1853 2133 non
1875 2098 2020 2142 probat

352 2162 460 2206 quod
480 2170 628 2206 corpus
649 2170 772 2197 unum
793 2161 1017 2205 penetrans
1037 2159 1144 2195 aliud
1165 2158 1289 2195 faciat
1307 2158 1449 2199 maius,
1471 2157 1576 2193 sicut
1589 2166 1667 2193 nec
1680 2157 1790 2193 linea
1803 2156 2021 2193 coniuncta

350 2219 485 2255 lineae
509 2218 605 2256 facit
630 2219 772 2255 maius.

489 2285 521 2320 8.
549 2284 610 2320 Ad
639 2285 826 2320 octavum
854 2283 1083 2324 dicendum,
1111 2282 1216 2319 sicut
1241 2281 1392 2318 dictum
1419 2281 1516 2317 est1.

490 2350 522 2384 9.
549 2348 610 2384 Ad
630 2358 782 2385 nonum
803 2347 1019 2384 dicendum
1042 2347 1149 2392 quod
1168 2347 1271 2383 duas
1290 2346 1420 2381 lineas
1442 2354 1537 2381 esse
1558 2354 1679 2381 unam
1694 2344 2020 2381 mathematicam
2040 2352 2074 2376 3⁵

352 2408 486 2452 potest
513 2408 724 2452 dupliciter
748 2406 936 2452 intelligi:
963 2407 1033 2442 aut
1054 2405 1210 2442 scilicet
1229 2405 1324 2450 quia
1344 2405 1425 2441 sint
1443 2414 1525 2440 una
1545 2404 1767 2440 secundum
1789 2403 2022 2440 considera-

352 2466 505 2502 tionem
531 2466 869 2507 mathematicam,
897 2466 967 2502 aut
993 2464 1089 2510 quia
1115 2465 1195 2501 sint
1220 2474 1302 2500 una
1328 2464 1553 2500 secundum
1574 2462 1847 2499 existentiam.
1890 2463 2020 2499 Primo

353 2526 474 2560 modo
514 2534 658 2561 omnes
692 2525 827 2561 lineae
866 2524 984 2560 simul
1022 2524 1247 2560 existentes
1284 2524 1379 2559 sunt
1412 2532 1495 2558 una
1519 2522 1629 2558 linea
1654 2522 1941 2558 mathematice
1966 2522 2022 2558 lo-

354 2584 528 2629 quendo.
556 2584 650 2629 quia
675 2584 985 2620 mathematicus
1013 2592 1156 2619 omnes
1183 2582 1392 2627 computat
1417 2591 1489 2626 pro
1516 2590 1599 2618 una
1623 2581 1728 2617 sicut
1748 2581 1871 2617 etiam
1891 2581 2022 2617 linea-s

354 2642 540 2679 diversas
568 2644 609 2679 et
634 2643 830 2688 aequales
858 2651 953 2678 esse
979 2651 1110 2678 unam.
1163 2640 1243 2678 Sed
1270 2640 1377 2677 duae
1396 2639 1532 2676 lineae
1553 2639 1671 2675 simul
1691 2639 1919 2675 existentes
1940 2649 2020 2675 non
2042 2646 2076 2672 40

354 2702 448 2737 sunt
474 2711 555 2737 una
581 2710 653 2747 per
680 2701 903 2738 essentiam
929 2700 1270 2737 mathematicam.

494 2831 512 2862 7
534 2830 649 2862 torma
671 2828 972 2870 appropinquius]
992 2828 1292 2869 appropinquiori
1366 2828 1408 2859 15
1428 2828 1507 2860 loco
1527 2826 1694 2866 naturali]
1713 2827 1793 2859 1000
1813 2825 2025 2859 naturaliter

356 2882 398 2914 24
426 2881 529 2921 alios]
567 2883 663 2915 aliud
767 2882 808 2914 31
842 2881 970 2920 maius]
1008 2881 1124 2914 minus
1229 2881 1272 2913 37
1304 2879 1607 2919 mathematicam]
1649 2879 1686 2918 -1-
1724 2881 1760 2911 et
1794 2879 2022 2911 existentiam

357 2934 601 2975 existentiam]
631 2935 667 2973 -1-
697 2935 986 2968 mathematicam

496 3057 505 3080 ¹
534 3058 604 3092 Cir.
632 3068 744 3099 supra
770 3068 802 3099 p.
832 3059 892 3091 121
922 3058 963 3091 A.
991 3058 1021 3091 9.
