2095 3459
338 197 359 234 2
849 202 1024 234 dohannis
1050 202 1218 234 Pechami
1245 200 1495 238 Quaestiones.

338 298 573 334 irrationali.
624 298 704 334 Sed
741 299 895 334 certum
935 298 997 333 est
1035 298 1143 342 quod
1182 298 1318 334 anima
1352 298 1599 334 irrationalis
1639 299 1702 334 est
1735 309 1788 334 ex
1824 295 2009 344 originali

339 356 539 392 materiali
564 356 761 401 principio
823 356 927 402 Ergo
956 358 996 392 et
1021 356 1243 392 rationalis.

480 417 511 451 4.
540 415 639 451 Item
665 415 1010 460 Philosophus,
1037 415 1137 451 XVI.
1158 416 1216 451 De
1233 416 1548 452 Animalibus1:
1578 416 1755 461 „Corpus
1782 416 2008 461 spermatis,

342 484 433 510 cum
460 484 539 519 quo
568 475 652 510 exit
678 475 854 519 spiritus,
882 475 949 519 qui
977 475 1039 510 est
1065 474 1192 510 virtus
1219 475 1405 519 principii
1431 475 1603 516 animae,
1638 477 1700 511 θεῖ
1727 476 1959 520 separatum
1986 485 2011 511 a

340 543 513 578 corpore
542 535 581 569 et
608 535 672 570 est
708 543 776 569 res
816 534 964 575 divina,
1004 534 1044 569 et
1082 534 1164 569 tale
1203 534 1347 569 dicitur
1384 533 1647 570 intellectus“
1698 534 1803 580 Ergo
1842 544 1895 570 ex
1932 535 2045 570 h0c5

338 593 499 628 videtur
525 592 754 634 manifeste,
783 593 891 637 quod
918 592 1150 628 intellectus
1178 593 1295 629 datur
1320 593 1360 628 in
1388 594 1605 638 spermate.

478 653 509 687 5.
537 651 637 687 Item
662 652 821 687 ratione
851 652 929 687 sic:
956 651 1117 696 Duplex
1145 653 1208 687 est
1233 651 1431 697 perfectio
1457 660 1612 688 rerum:
1638 653 1679 688 in
1702 653 1877 689 essendo
1905 654 1945 688 et
1970 653 2011 688 in

338 710 631 755 principiando.
681 710 728 746 Et
767 712 950 746 secunda
989 712 1051 746 est
1089 721 1113 746 a
1151 711 1290 755 prima.
1341 710 1501 751 Quanto
1543 712 1651 747 enim
1690 713 1753 747 est
1789 711 2011 756 perfectius

339 769 490 814 aliquid
517 769 557 805 in
585 779 630 805 se
657 770 759 815 ipso,
786 770 899 805 tanto
923 769 1145 814 perfectius
1177 771 1240 806 est
1265 770 1305 805 in
1332 770 1614 815 principiando
1642 770 1707 806 vel
1733 771 2010 815 producendo.

337 828 442 874 Ergo
471 829 623 873 quanto
650 829 772 864 homo
801 830 864 864 est
891 829 1051 874 dignior
1076 829 1194 865 bruto
1221 829 1262 864 in
1290 829 1482 870 essendo,
1520 830 1634 865 tanto
1674 829 1796 865 etiam
1830 830 1870 865 in
1905 830 2010 874 prin-
2031 833 2064 858 10

339 887 539 932 cipiando.
592 887 672 924 Sed
699 888 739 923 in
767 888 948 924 essendo
975 888 1230 924 transcendit
1254 888 1295 923 in
1321 888 1458 924 anima
1483 888 1671 924 rationali
1690 890 1857 924 tantum.
1905 888 2010 934 Ergo

340 947 380 982 et
405 946 446 982 in
472 947 750 991 producendo.
800 946 905 992 Ergo
934 946 1038 982 sicut
1063 948 1224 982 brutum
1250 948 1388 991 potest
1414 948 1642 991 producere
1680 947 1856 983 animam
1894 947 2011 988 bruti,

338 1005 394 1041 ita
420 1006 541 1041 homo
568 1006 744 1042 hominis
771 1006 949 1042 animam
963 1008 987 1041 2.

457 1066 509 1115 ,6.
546 1065 646 1101 Item
672 1066 795 1101 homo
822 1066 995 1110 generat
1021 1074 1095 1110 per
1122 1074 1167 1101 se
1194 1065 1437 1101 hominemss.
1487 1065 1599 1101 Haec
1635 1067 1698 1101 est
1729 1075 1803 1110 per
1829 1075 1875 1102 se
1902 1075 2010 1102 vera.

340 1123 420 1160 Sed
446 1124 569 1160 homo
597 1134 680 1160 non
702 1125 766 1160 est
786 1133 934 1168 corpus
953 1124 1121 1165 tantum,
1150 1125 1223 1160 sed
1248 1125 1515 1170 aggregatum
1537 1134 1590 1160 ex
1611 1134 1783 1169 corpore
1806 1126 1845 1161 et
1865 1125 2010 1161 anima.
2033 1128 2065 1153 15

337 1182 442 1229 Ergo
470 1183 607 1219 anima
633 1184 855 1229 generatur
882 1183 985 1219 sicut
1015 1192 1175 1228 corpus.

477 1244 508 1278 7.
548 1242 648 1278 Item
674 1243 752 1278 hoc
779 1243 984 1287 probatur,
1025 1242 1120 1287 quia
1145 1245 1270 1293 <nec>
1297 1243 1469 1278 materia
1506 1244 1728 1288 generatur
1759 1253 1837 1279 nec
1870 1243 2012 1285 forma,

339 1302 413 1338 sed
435 1301 706 1346 compositum
717 1304 741 1336 4.
776 1301 857 1337 Sed
878 1301 1072 1346 quidquid
1094 1302 1157 1337 θεῖ
1177 1301 1217 1337 in
1238 1301 1403 1337 homine
1425 1303 1542 1338 extra
1562 1302 1739 1338 animam
1759 1302 2012 1344 rationalem,

340 1362 403 1397 est
429 1361 601 1396 materia
626 1361 814 1396 hominis.
863 1360 968 1406 Ergo
995 1361 1091 1396 illud
1119 1371 1201 1396 non
1228 1362 1460 1406 generatur,
1488 1362 1561 1397 sed
1588 1363 1697 1397 totus
1724 1362 1857 1398 homo.

477 1421 508 1455 8.
548 1420 647 1456 Item
685 1420 775 1464 plus
814 1420 925 1463 addit
963 1420 1100 1455 anima
1138 1420 1337 1456 sensitiva
1379 1430 1502 1465 super
1544 1420 1717 1457 formam
1757 1421 2011 1466 corporalem
2031 1427 2066 1453 20

339 1489 460 1524 quam
498 1479 749 1515 intellectiva
785 1488 909 1523 super
945 1479 1123 1515 animam
1163 1479 1413 1520 sensitivam,
1459 1480 1553 1524 quia
1589 1480 1882 1525 propinquiora
1920 1482 2013 1516 sunt

338 1547 493 1584 genere
532 1538 670 1574 anima
702 1538 902 1574 sensitiva
942 1539 981 1574 et
1018 1538 1270 1574 intellectiva
1312 1548 1432 1583 quam
1476 1539 1612 1574 anima
1651 1549 1933 1584 quaecumque
1973 1540 2013 1576 et

338 1596 469 1633 forma
493 1597 719 1642 corporalis
748 1598 933 1633 extensa.
986 1597 1066 1633 Sed
1104 1607 1178 1642 per
1215 1597 1527 1643 generationem
1559 1598 1610 1634 de
1645 1598 1777 1634 forma
1811 1599 2013 1643 corporali

338 1655 383 1692 iit
409 1656 545 1692 anima
573 1656 784 1697 sensitiva,
812 1656 916 1692 sicut
942 1657 1054 1700 patet
1077 1657 1118 1692 in
1139 1656 1359 1702 generatis,
1388 1656 1491 1692 sicut
1512 1657 1624 1702 patet
1644 1657 1752 1693 idem
1772 1657 1860 1699 <in>
1879 1660 2013 1703 putre-

338 1714 528 1751 factIone.
578 1715 683 1761 Ergo
710 1715 835 1751 multo
863 1715 992 1760 magis
1019 1725 1072 1751 ex
1099 1715 1298 1751 sensitiva
1324 1716 1461 1760 potest
1486 1715 1577 1751 fieri
1603 1716 1865 1752 intellectiva.
2031 1722 2064 1748 25

478 1775 509 1810 9.
550 1773 666 1815 Quod
694 1774 729 1809 si
755 1774 912 1810 dicatur
938 1775 1046 1818 quod
1074 1774 1275 1810 sensitiva
1301 1774 1438 1810 anima
1475 1774 1546 1810 fiat
1578 1775 1629 1810 de
1662 1774 1792 1811 forma
1818 1785 1900 1811 non
1928 1785 2013 1811 cor-

339 1833 480 1878 porali,
507 1834 581 1869 sed
604 1833 802 1878 spirituali
820 1854 877 1875 —,
904 1834 1067 1869 contra:
1095 1833 1227 1869 omnis
1248 1833 1339 1869 talis
1367 1835 1430 1869 est
1457 1843 1510 1869 ex
1536 1834 1806 1879 generatione
1832 1834 2011 1871 alicuius.

339 1892 444 1938 Ergo
473 1893 531 1928 sic
557 1893 694 1928 anima
719 1892 839 1928 fieret
866 1902 919 1928 ex
945 1892 1092 1928 anima.

479 1952 532 1987 10.
572 1952 671 1987 Item
699 1951 1026 1997 Augustinus,
1053 1952 1112 1987 De
1136 1953 1183 1988 83
1210 1951 1534 1995 Quaestionibus
1559 1952 1616 1987 II5
1642 1960 1698 1997 q.:
1727 1952 1905 1997 „Corpus
1929 1963 2012 1989 non

341 2012 414 2052 est,
443 2012 483 2047 et
508 2013 646 2047 tamen
673 2011 858 2055 aliquid“.
910 2010 952 2047 Si
977 2020 1060 2046 non
1088 2012 1151 2047 est
1177 2011 1232 2047 ibi
1257 2011 1403 2051 anima,
1432 2012 1495 2046 est
1520 2011 1670 2056 aliquid
1697 2012 1842 2047 melius
1865 2012 2011 2048 anima.
2032 2023 2065 2049 30

339 2070 443 2116 Ergo
472 2070 507 2106 si
532 2070 743 2115 praedicta
767 2069 899 2105 forma
924 2079 1007 2105 non
1035 2071 1098 2106 est
1123 2070 1269 2110 anima,
1298 2071 1360 2106 est
1386 2070 1536 2114 aliquid
1562 2070 1707 2106 melius
1735 2080 1795 2106 ea.

480 2131 534 2165 11.
573 2129 671 2165 Item
699 2129 739 2164 in
766 2129 1036 2174 generatione
1063 2129 1240 2165 univoca
1265 2138 1473 2175 generans
1500 2130 1568 2165 dat
1594 2129 1733 2175 genito
1764 2130 1945 2175 speciem
1974 2131 2013 2167 et

341 2188 615 2225 differentiam
642 2188 941 2233 completivam.
994 2188 1075 2225 Sed
1111 2188 1273 2233 species
1309 2190 1370 2224 est
1395 2189 1436 2224 in
1463 2189 1628 2224 homine
1655 2189 1706 2224 ab
1733 2189 1869 2225 anima
1893 2190 2013 2226 ratio-

341 2248 432 2284 nali.
482 2247 586 2293 Ergo
614 2257 820 2293 generans
847 2248 915 2283 dat
941 2247 1118 2283 animam
1143 2248 1397 2283 rationalem.

481 2308 535 2342 12.
575 2307 674 2342 Item
709 2307 916 2351 potentior
952 2308 1015 2343 est
1048 2316 1116 2342 res
1157 2307 1376 2351 spiritualis
1404 2316 1525 2351 quam
1551 2307 1785 2351 corporalis
1838 2308 1918 2343 Sed
1944 2317 2011 2344 res
2032 2318 2065 2343 35

342 2366 566 2411 corporalis
604 2366 742 2410 potest
780 2366 1084 2411 multiplicando
1124 2375 1170 2401 se
1200 2366 1370 2411 gignere
1407 2366 1469 2401 sui
1501 2365 1643 2407 simile,
1681 2366 1785 2402 sicut
1822 2367 1934 2411 patet
1971 2366 2010 2402 in

482 2466 523 2497 17
552 2464 650 2506 quia]
678 2465 774 2505 quod
847 2464 889 2496 24
916 2461 1024 2503 idem]
1050 2463 1068 2496 ἵ)
1129 2463 1171 2496 27
1199 2461 1448 2504 generatione]
1476 2463 1713 2504 generalitate
1727 2459 1776 2504 (P)
1846 2464 1888 2496 30
1914 2463 1977 2502 ibi]
2003 2467 2014 2496 i

342 2519 383 2551 31
411 2516 561 2559 aliquid]
588 2518 718 2558 aliquis

482 2612 493 2634 ¹
520 2613 572 2645 De
599 2613 685 2645 Gen.
711 2612 834 2645 Anim.
861 2612 899 2651 II,
928 2613 957 2645 3.

480 2665 495 2687 2
521 2666 591 2698 Cir.
618 2667 793 2705 Bonav.,
823 2665 889 2706 Op.
916 2674 1015 2698 omn.
1041 2665 1080 2704 ΙΙ,
1108 2665 1210 2697 4511)
1237 2666 1272 2697 θῖ
1298 2664 1364 2696 740
1379 2673 1410 2696 a.

482 2719 496 2741 3
518 2719 666 2758 Arist.‚
688 2719 796 2758 Phys.
812 2719 849 2757 II,
867 2719 883 2750 1
901 2719 937 2750 et
952 2718 1112 2758 Metaph.
1128 2717 1183 2757 VI,
1199 2719 1218 2750 7
1233 2716 1319 2757 (VII,
1335 2718 1423 2750 text.
1440 2716 1515 2757 22);
1529 2717 1611 2750 vide
1627 2718 1734 2750 etiam
1748 2718 1863 2750 Baeu
1875 2719 2009 2758 mker‚

343 2773 465 2805 Probl.
492 2772 526 2805 d.
552 2772 709 2804 Materie
735 2772 800 2804 249
815 2770 839 2804 2.

482 2824 497 2846 4
521 2825 670 2864 Arist.‚
698 2825 749 2857 De
777 2824 862 2857 Gen.
890 2824 1012 2857 Anim.
1038 2824 1077 2862 ΙΙ,
1105 2824 1135 2856 3.

483 2877 497 2899 5
522 2878 653 2910 Locum
679 2886 751 2910 non
777 2878 908 2909 inveni.
959 2877 1240 2918 Augustinus
1278 2877 1433 2909 animam
1471 2884 1542 2908 non
1580 2885 1663 2909 esse
1696 2885 1826 2917 corpus
1861 2878 2008 2918 probat:

344 2931 397 2964 De
420 2924 587 2963 Immort.
612 2930 735 2970 Anim.
763 2931 792 2962 X
818 2930 888 2969 (PL
911 2931 965 2969 32,
983 2930 1070 2962 1029
1091 2939 1125 2962 n.
1142 2929 1198 2969 17)
1219 2936 1340 2969 seqq.;
1366 2929 1419 2962 De
1440 2929 1575 2968 Qua-nt.
1595 2929 1718 2962 Anim.
1739 2930 1846 2962 XVIII
1865 2929 1935 2969 (PL
1955 2931 2008 2964 32.

347 2984 433 3016 1053
460 2993 493 3016 n.
515 2980 575 3025 32)
601 2991 722 3024 seqq.;
759 2983 809 3015 De
835 2983 957 3015 Anim.
984 2984 1018 3015 et
1042 2983 1122 3015 eius
1149 2982 1301 3022 Oriyz'ne
1326 2982 1349 3020 Ι,
1378 2983 1396 3014 5
1423 2979 1494 3021 (PL
1524 2982 1576 3020 44,
1605 2983 1670 3014 477
1700 2991 1732 3014 n.
1759 2981 1793 3021 5)
1819 2983 1855 3015 et
1882 2983 1939 3022 IV,
1968 2983 2008 3015 12

345 3035 496 3075 (ibidem
522 3037 587 3068 534
613 3045 646 3068 n.
677 3035 732 3075 18)
762 3043 883 3076 seqq.;
920 3036 973 3068 De
1008 3035 1094 3068 Gen.
1131 3035 1183 3067 ad
1213 3035 1279 3067 Lit.
1316 3035 1385 3073 VII,
1416 3035 1454 3066 12
1491 3034 1561 3074 (PL
1586 3035 1640 3073 34,
1668 3035 1730 3067 361
1761 3044 1792 3068 n.
1822 3034 1878 3075 18)
1904 3044 2008 3077 seqq.

346 3089 415 3122 Cir.
443 3090 593 3128 Arist.‚
619 3089 671 3121 De
695 3088 817 3121 A'nim.
845 3089 867 3127 Ι,
896 3090 914 3120 5
941 3087 1043 3127 (text.
1072 3087 1141 3127 71).
