2095 3459
758 210 1030 252 Prolegomena.
1660 208 1747 245 XIX

64 305 200 344 fratris
228 306 450 344 Alexandri
477 307 546 352 (sc.
576 307 781 353 Halensis)
815 317 863 344 ac
889 308 1025 344 fratris
1052 308 1370 344 Bonaventurae
1398 309 1439 344 et
1465 309 1746 351 consimilium,

65 367 132 412 qui
159 367 199 402 in
227 367 311 403 suis
340 367 577 402 tractatibus
604 367 655 402 ab
689 367 798 402 omni
825 367 1026 403 calumnia
1053 368 1210 409 alienis,
1244 368 1397 403 sanctis
1425 370 1466 403 et
1491 368 1746 414 philosophis

64 426 305 468 innituntur;
342 426 407 462 vel
444 426 511 461 illa
544 426 708 462 novella
741 427 857 471 quasi
891 427 976 462 tota
1009 427 1224 468 contraria,
1261 436 1368 472 quae
1404 427 1597 472 quidquid
1626 428 1747 464 docet

65 485 316 530 Augustinus
344 486 394 521 de
420 485 573 531 regulis
600 486 782 521 aeternis
810 487 850 521 et
875 486 966 522 luce
993 486 1324 527 incommutabili,
1359 487 1409 522 de
1442 487 1636 531 potentiis
1664 487 1747 523 ani-

65 554 167 586 mae,
203 544 254 580 de
289 544 516 581 rationibus
551 545 816 581 seminalibus
850 545 986 581 inditis
1021 545 1218 581 materiae
1251 547 1291 581 et
1325 545 1605 582 consimilibus
1632 546 1747 582 innu-

67 604 201 644 meris,
233 604 418 640 destruat
449 613 523 649 pro
557 604 712 640 viribus
746 605 787 640 et
814 606 995 646 enervat,
1028 614 1187 650 pugnas
1215 606 1433 640 verborum
1462 605 1645 641 inferens
1675 606 1747 641 toti

65 663 233 706 mundo;
259 663 428 699 videant
447 663 614 708 antiqui,
641 663 681 698 in
709 664 854 708 quibus
883 665 946 699 est
973 664 1187 709 sapientia,
1215 664 1353 700 videat
1376 665 1416 700 et
1437 665 1614 709 corrigat
1634 664 1746 701 Deus

65 722 255 759 caeli...
316 722 364 758 Et
395 732 486 758 cum
519 722 705 758 doctrina
737 723 856 758 unius
892 723 1045 759 ordinis
1079 724 1131 759 sit
1163 724 1250 759 tota
1285 733 1393 768 pene
1421 724 1627 760 contraria
1655 724 1747 760 doc-

64 781 195 818 trinae
228 782 408 824 alterius,
443 782 630 827 exceptis
662 781 760 818 fidei
792 782 1080 820 fundamentis.
1114 793 1192 819 nec
1224 784 1362 828 potest
1396 792 1491 819 esse
1524 792 1625 819 vero
1653 793 1747 819 con-

65 841 230 877 trarium
262 841 340 877 nisi
371 841 531 883 falsum,
568 842 764 886 pensetis,
799 843 993 886 quantum
1021 842 1072 878 sit
1097 842 1334 887 periculum,
1367 843 1450 877 tam
1483 842 1745 887 multiplicem

64 898 285 936 falsitatem
311 900 465 936 habere
491 910 600 945 pene
627 910 700 946 per
727 901 837 937 orbis
865 901 1040 946 spatium
1067 901 1276 946 improbos
1305 901 1550 937 defensores
1574 930 1580 936 .
1603 930 1610 936 .
1633 903 1661 936 .“

206 974 249 1024 8)
281 976 348 1016 Ex
378 977 507 1028 epist.
543 977 605 1016 ad
640 977 983 1017 Cancellarz‘um
1015 979 1057 1017 et
1087 978 1340 1028 magistros
1369 978 1570 1018 Univers.
1604 977 1744 1018 Oecon-

66 1053 181 1093 data
213 1053 288 1093 die
321 1055 357 1093 7.
391 1054 491 1094 Dec.
520 1054 639 1093 ,1284
659 1048 696 1093 ¹:

205 1124 506 1168 „Intelleximus
534 1125 713 1170 insuper,
741 1126 848 1170 quod
876 1125 1040 1170 quidam
1065 1125 1215 1162 fratres
1244 1125 1431 1162 eiusdem
1457 1126 1609 1162 ordinis
1630 1135 1746 1171 prae-

65 1183 291 1220 dicatorum
311 1184 402 1220 ausi
423 1185 517 1220 sunt
544 1194 590 1220 se
616 1185 776 1229 publice
802 1185 998 1226 iactitare,
1026 1185 1252 1224 doctrinam
1279 1185 1462 1221 veritatis
1489 1185 1581 1230 plus
1607 1185 1649 1220 in
1670 1195 1745 1221 suo

67 1242 210 1279 ordine
237 1252 358 1288 quam
384 1244 425 1279 in
449 1243 528 1279 alio
550 1244 628 1279 sibi
648 1245 997 1289 contemporaneo
1018 1244 1218 1290 viguisse;
1246 1244 1360 1280 cuius
1383 1244 1631 1280 contrarium
1651 1244 1747 1289 quia

66 1302 209 1338 tenere
235 1303 424 1348 putamus
451 1303 562 1339 viros
586 1303 763 1339 maiores
786 1304 826 1339 et
847 1303 1119 1348 sapientiores
1142 1303 1346 1340 ecclesiae
1367 1303 1588 1345 militantis,
1614 1303 1746 1348 ipsam

69 1370 211 1397 eorum
238 1361 475 1398 iactantiam
507 1362 731 1398 asserimus
766 1372 861 1398 esse
894 1362 1049 1405 falsam,
1087 1363 1195 1408 quod
1227 1372 1311 1398 non
1347 1364 1461 1398 esset
1487 1362 1652 1398 difficile
1680 1363 1747 1398 de-

67 1420 234 1462 clarare,
255 1420 334 1456 nisi
354 1421 468 1457 esset
483 1421 734 1466 comparatio
750 1422 906 1463 odiosa,
928 1423 1206 1467 comparando
1229 1422 1386 1458 scilicet
1407 1422 1559 1466 scripta
1573 1421 1745 1467 scriptis,

66 1488 270 1524 personas
296 1480 487 1525 personis
515 1481 557 1516 et
581 1480 746 1516 labores
772 1481 982 1517 laboribus
1009 1481 1108 1517 satis
1136 1481 1278 1517 notis.“

206 1548 250 1598 9)
282 1550 348 1590 Ex
380 1550 509 1600 epist.
544 1551 607 1590 ad
639 1551 868 1601 quosdam
904 1551 1190 1600 Cardinales,
1225 1551 1339 1591 data
1369 1551 1444 1591 die
1465 1552 1502 1590 1.
1524 1551 1746 1591 Ianuarii

68 1621 234 1667 12852:

208 1698 505 1742 „Sacrosancta
542 1699 727 1735 Romana
765 1699 943 1735 ecclesia
981 1700 1195 1735 attendere
1241 1699 1462 1745 (dignetur)
1507 1700 1616 1744 quod
1656 1708 1745 1735 cum

67 1757 252 1794 doctrina
283 1757 455 1794 duorum
488 1758 674 1794 ordinum
706 1758 747 1794 in
780 1758 969 1794 omnibus
1002 1758 1290 1794 dubitabilibus
1324 1758 1401 1794 sibi
1432 1759 1596 1803 penitus
1622 1758 1745 1794 hodie

66 1817 326 1860 adversetur;
362 1827 536 1862 cumque
570 1817 755 1853 doctrina
789 1817 955 1853 alterius
993 1818 1228 1859 eorundem,
1264 1817 1436 1853 abiectis
1471 1822 1512 1853 et
1545 1827 1598 1853 ex
1630 1818 1746 1862 parte

67 1874 278 1920 vilipensis
306 1875 542 1912 sanctorum
570 1876 795 1918 sententiis,
822 1876 1114 1921 philosophicis
1142 1877 1401 1922 dogmatibus
1429 1876 1548 1921 quasi
1566 1876 1747 1912 totaliter

66 1933 271 1977 innitatur,
306 1935 350 1970 ut
384 1934 506 1979 plena
542 1934 594 1970 sit
627 1935 747 1971 idolis
784 1935 929 1971 domus
955 1935 1031 1971 Dei
1067 1936 1107 1971 et
1137 1935 1349 1981 languore,
1386 1945 1508 1980 quem
1540 1935 1747 1980 praedixit

67 1994 292 2038 apostolus,
324 1994 592 2040 pugnantium
626 1994 930 2039 quaestionum;
964 1995 1158 2039 quantum
1190 1994 1286 2030 inde
1312 1994 1463 2030 futuris
1490 1995 1744 2039 temporibus

67 2053 217 2097 poterit
243 2053 447 2089 ecclesiae
474 2052 702 2098 periculum
728 2053 975 2089 imminere.“

206 2123 339 2163 Hisce
372 2123 577 2164 omnibus
609 2134 668 2164 ex
699 2123 809 2163 locis
840 2135 930 2164 non
962 2124 1093 2164 modo
1133 2134 1199 2172 ea,
1247 2135 1362 2174 quae
1402 2124 1456 2164 de
1497 2124 1746 2164 Ordinum

70 2200 378 2240 controversia
422 2211 560 2250 supra
605 2200 795 2240 diximus
839 2201 939 2240 luce
983 2200 1148 2240 clarius
1193 2202 1430 2250 apparent,
1484 2201 1564 2241 sed
1614 2201 1747 2241 etiam

67 2276 380 2316 Pechamum
420 2277 683 2326 praesertim
726 2277 907 2317 unitatis
949 2277 993 2316 in
1033 2276 1211 2316 homine
1255 2277 1438 2325 formae,
1485 2277 1747 2327 theologicis

69 2353 262 2393 maxime
303 2363 361 2393 ex
400 2353 662 2401 rationibus,
708 2353 1017 2393 adversarium
1056 2364 1155 2393 esse
1195 2353 1410 2392 videmus.
1476 2353 1563 2393 Sed
1600 2364 1747 2403 neque

71 2429 124 2468 de
156 2430 241 2469 hac
272 2429 462 2470 materia
492 2440 639 2479 neque
672 2430 725 2469 de
768 2429 866 2470 aliis
910 2431 991 2469 sub
1025 2440 1211 2469 numero
1252 2430 1275 2468 7
1319 2429 1465 2468 allatis
1507 2440 1565 2469 ex
1608 2429 1747 2479 ipsius

70 2505 316 2545 Pechami
350 2506 403 2546 de
429 2517 478 2545 re
505 2506 815 2556 philosophica
841 2505 1030 2555 scriptis,
1065 2517 1164 2545 cum
1191 2516 1247 2545 ea
1271 2505 1316 2544 in
1343 2505 1519 2555 angulis
1545 2505 1748 2545 latebris-

71 2592 156 2631 que
186 2581 561 2622 bibliothecarum
593 2583 795 2629 laterent,
840 2583 1071 2631 hucusque
1103 2581 1236 2621 latius
1277 2581 1630 2631 profundiusque
1664 2582 1748 2622 dis-

71 2668 221 2697 serere
253 2657 491 2708 potuimus
553 2658 831 2708 Excipienda
863 2660 929 2697 est
961 2658 1049 2705 illa,
1083 2658 1171 2697 iam
1204 2659 1307 2697 ante
1339 2658 1567 2697 laudatam
1597 2659 1748 2697 claris-

70 2733 168 2773 simi
198 2734 244 2773 P.
271 2734 432 2774 Ehrle
464 2734 823 2774 dissertationem
855 2745 882 2774 a
916 2734 1121 2773 Patribus
1156 2733 1421 2773 doctissimis
1455 2733 1680 2784 Collegii
1713 2746 1746 2774 s.

72 2810 486 2851 Bonaventurae
518 2811 596 2851 Ad
622 2811 807 2851 Claras
828 2810 1010 2860 Aquas
1043 2809 1161 2850 edita
1194 2809 1409 2859 quaesti0‚
1444 2820 1532 2859 qua
1569 2810 1747 2850 »Exem-

65 2886 377 2936 plarismum«
408 2898 488 2927 seu
519 2887 1008 2933 »Illuminatismum‘«,
1044 2896 1173 2935 quem
1197 2886 1373 2933 vocant,
1407 2885 1451 2924 in
1483 2886 1663 2925 modum
1690 2897 1747 2926 ex

209 3011 222 3033 1
247 3013 640 3053 Ehrle-Peckham,
667 3023 700 3054 p.
729 3014 812 3053 179;
839 3013 1013 3052 Martia,
1042 3012 1120 3053 Ray.
1147 3012 1201 3051 111,
1229 3012 1306 3045 867.

209 3064 224 3086 2
248 3066 642 3105 Ehrle-Peckham,
669 3075 702 3106 p.
732 3067 814 3105 181;
840 3066 1015 3105 Martin,
1043 3065 1124 3106 Ray.
1149 3065 1204 3103 III,
1232 3065 1308 3098 871.

1549 3123 1604 3156 ΙΙ*
