2095 3459
114 340 175 373 rol.
203 340 247 372 26
252 343 270 362 v
282 339 302 371 b

125 1792 186 1824 fol.
209 1792 252 1824 27
263 1795 278 1813 ²·
289 1799 313 1822 a

317 184 362 219 80
825 185 846 217 ‚I
850 184 1001 217 ohannis
1027 184 1194 217 Pechami
1221 183 1471 221 Quaestiones.

888 324 1196 385 Quaestio
1235 322 1409 376 VlII.1

321 458 559 504 Quaeritur
598 460 743 497 utrum
782 468 836 497 ea
873 468 988 507 quae
1026 457 1248 507 pertinent
1287 457 1343 497 ad
1386 456 1563 496 tertium
1608 465 1749 506 genus
1786 452 1982 501 visionis,

322 529 489 568 scilicet
536 528 592 567 ad
641 528 851 567 visionem
898 528 1262 577 intellectualem,
1314 528 1644 578 cognoscuntur
1689 536 1768 575 per
1812 524 1985 574 species

946 610 973 638 a
1004 609 1053 638 se
1089 598 1358 638 differentes.

886 699 1148 736 ostenditur
1173 699 1297 744 quod
1322 708 1426 735 non.
2007 706 2022 731 5

464 784 494 818 1.
533 781 636 823 Quia
668 782 764 818 dicit
794 781 1122 828 Augustinus,
1158 781 1236 817 XII.
1273 781 1411 826 Super
1435 781 1529 817 Gen.
1557 781 1614 816 ad
1641 780 1739 816 Lz't.2
1790 778 1989 823 „Tertium

324 851 453 888 genus
481 841 650 877 visionis
678 850 749 877 eas
777 850 844 876 res
871 840 1062 882 continet,
1090 850 1195 885 quae
1222 850 1305 876 non
1331 841 1484 876 habent
1508 839 1707 885 imagines
1735 838 1798 874 sui
1825 837 1989 879 similes,

325 909 430 946 quae
458 909 539 936 non
566 900 659 936 sunt
685 900 793 944 quod
819 899 968 944 ipsae.“

463 960 495 995 2.
521 958 620 995 Item
647 959 681 994 si
706 959 906 994 haberent
932 958 1092 1003 species
1119 968 1144 994 a
1170 967 1215 994 se
1242 957 1493 999 differentes,
1520 967 1617 1003 ergo
1645 967 1735 993 cum
1760 956 1856 992 illud
1883 955 1992 1000 quod

325 1018 553 1054 intellectus
580 1017 775 1063 intelligit,
801 1018 975 1062 reponat
1000 1017 1041 1053 in
1061 1017 1267 1059 memoria,
1294 1018 1437 1062 posset
1459 1017 1566 1053 illam
1589 1016 1770 1061 speciem
1787 1023 1991 1060 reponere
2012 1024 2044 1049 10

326 1078 365 1113 in
392 1077 598 1113 memoria.
646 1076 849 1112 Ponamus
876 1076 996 1122 igitur
1022 1076 1131 1121 quod
1163 1076 1426 1121 grammatica
1463 1075 1709 1121 intelligatur
1745 1083 1819 1119 per
1858 1073 1992 1110 simili-

326 1136 517 1172 tudinem.
566 1135 671 1181 Ergo
699 1135 916 1171 similitudo
954 1135 1041 1171 eius
1082 1134 1156 1170 erit
1193 1135 1234 1170 in
1269 1135 1476 1171 memoria.
1528 1134 1609 1170 Sed
1640 1133 1904 1180 grammatica
1930 1134 1993 1169 est

326 1196 380 1232 ibi
406 1204 479 1240 per
506 1195 731 1231 essentiam
758 1204 884 1231 suam.
934 1194 1039 1240 Ergo
1066 1194 1173 1230 idem
1201 1194 1264 1230 est
1289 1194 1329 1229 in
1356 1194 1492 1230 anima
1518 1193 1742 1230 secundum
1769 1192 1993 1228 essentiam

328 1256 368 1291 et
394 1254 707 1290 similitudinem.
759 1252 874 1293 Quod
902 1253 965 1289 est
985 1253 1127 1288 contra
1148 1252 1391 1288 divisionem
1411 1251 1700 1298 Augustini,
1728 1251 1901 1287 confess.
1923 1250 1993 1286 X.3

328 1313 520 1350 dicentis:
561 1311 876 1356 „Universaliter
913 1320 1018 1356 quae
1058 1312 1151 1347 sunt
1188 1311 1229 1347 in
1267 1311 1413 1353 anima,
1451 1312 1520 1347 aut
1558 1311 1651 1346 sunt
1684 1310 1725 1346 in
1760 1310 1896 1346 anima
1921 1319 1994 1355 per
2015 1319 2046 1344 15

327 1372 669 1418 imaginationem,
708 1371 811 1406 sicut
837 1380 1020 1415 corpora,
1059 1372 1128 1406 aut
1154 1380 1227 1415 per
1258 1370 1545 1415 praesentiam,
1584 1371 1627 1405 ut
1658 1370 1779 1411 artes,
1818 1370 1888 1405 aut
1922 1378 1995 1414 per

328 1432 552 1473 nectioneS,
579 1432 621 1466 ut
646 1429 886 1466 affectiones
914 1429 1047 1470 animi,
1075 1439 1175 1473 quas
1203 1439 1292 1464 cum
1319 1429 1478 1465 animus
1505 1439 1587 1464 non
1613 1429 1772 1473 patitur,
1799 1428 1996 1464 memoria

328 1492 473 1527 tenet.“
517 1489 622 1536 Ergo
650 1489 685 1525 si
709 1490 820 1525 recte
848 1489 989 1525 dividit
1015 1488 1348 1534 Augustinus,
1375 1489 1471 1524 nihil
1505 1490 1568 1524 est
1594 1488 1634 1524 in
1660 1488 1796 1524 anima
1821 1497 1993 1523 manens

329 1559 402 1595 per
429 1549 651 1585 essentiam
678 1549 719 1583 et
745 1547 1056 1583 similitudinem.

468 1609 500 1645 3.
537 1607 672 1644 Simile
704 1606 777 1643 fuit
811 1607 1094 1652 argumentum
1120 1607 1159 1643 in
1188 1616 1267 1652 quo
1295 1607 1505 1643 dicebatur
1531 1607 1639 1652 quod
1667 1606 1884 1642 similitudo
1912 1615 1994 1641 non
2014 1613 2047 1639 20

329 1668 467 1713 potest
493 1676 587 1703 esse
614 1666 654 1702 in
681 1667 825 1702 eodem
853 1666 1037 1702 subiecto
1066 1676 1157 1702 cum
1184 1676 1245 1708 eo,
1273 1666 1386 1702 cuius
1415 1667 1478 1702 est
1505 1665 1734 1701 similitudo.

468 1727 499 1761 4.
534 1726 633 1762 Item
666 1725 771 1761 fides
809 1734 854 1761 se
890 1726 1013 1761 habet
1047 1725 1099 1761 ad
1133 1725 1384 1761 intellectum
1411 1725 1514 1761 sicut
1541 1725 1688 1761 caritas
1715 1725 1766 1761 ad
1792 1723 1995 1760 affectum.

332 1786 411 1822 Sed
439 1785 584 1821 caritas
611 1794 693 1820 non
720 1784 895 1829 diligitur
920 1783 1141 1820 affectione
1168 1784 1248 1820 alia
1266 1787 1278 1827 ΙΙ
1298 1793 1417 1828 (1113111
1445 1784 1593 1829 seipsa.
1644 1783 1747 1829 Ergo
1781 1793 1858 1819 nec
1891 1782 1995 1818 fides

332 1845 411 1880 alia
438 1843 695 1880 similitudine
722 1843 955 1888 intelligitur
982 1853 1102 1887 quam
1130 1843 1278 1888 seipsa.

470 1904 501 1938 5.
527 1902 625 1938 Item
652 1902 686 1937 si
712 1902 941 1938 intellectus
967 1902 1154 1948 intelligit
1180 1912 1236 1945 se,
1276 1903 1345 1938 aut
1379 1902 1434 1937 ita
1468 1903 1576 1947 quod
1609 1902 1748 1948 gignat
1774 1901 1836 1937 sui
1863 1900 1996 1936 simili·
2016 1907 2049 1932 2⁵

332 1962 522 2003 tudinem,
548 1962 617 1997 aut
641 1960 696 1996 ita
723 1962 830 2005 quod
856 1961 952 1996 nihil
979 1961 1128 2007 gignat.
1180 1961 1221 1997 Si
1247 1961 1344 1997 nihil
1364 1961 1513 2007 gignat,
1539 1961 1713 1997 habetur
1732 1959 1996 2005 propositum,

335 2021 430 2065 quia
457 2020 598 2056 dicitur
623 2019 849 2065 intelligere
876 2029 951 2065 per
977 2020 1217 2064 essentiam;
1258 2020 1292 2056 si
1323 2020 1474 2065 aliquid
1500 2020 1639 2066 gignat
1663 2040 1709 2044 —
1744 2020 1784 2055 et
1809 2028 1892 2055 non
1919 2018 1998 2054 nisi

334 2079 383 2115 de
409 2088 453 2114 se
476 2079 625 2124 gignat,
655 2088 752 2125 ergo
772 2080 964 2123 respectu
987 2079 1171 2115 eiusdem
1193 2081 1256 2115 est
1275 2080 1316 2115 in
1336 2080 1520 2125 potentia
1538 2079 1672 2115 activa
1693 2080 1733 2115 et
1753 2078 1930 2123 passiva,
1958 2078 1998 2113 et

333 2138 387 2174 ita
414 2139 604 2182 respectu
631 2138 813 2174 eiusdem
839 2138 880 2174 in
906 2139 999 2174 actu
1026 2140 1066 2174 et
1091 2138 1285 2183 potentia.

471 2198 502 2233 6.
528 2197 626 2233 116111
637 2198 752 2239 <3111>
765 2197 978 2243 cognoscit
991 2197 1115 2233 fidem
1129 2207 1203 2242 per
1218 2198 1441 2234 essentiam
1457 2218 1488 2222 -
1515 2199 1555 2234 et
1575 2198 1708 2234 habeo
1732 2196 1995 2242 propositum,
2016 2211 2049 2234 30

332 2257 400 2292 aut
426 2265 498 2300 per
524 2256 824 2292 similitudinem
850 2277 894 2281 —
921 2257 961 2291 et
986 2257 1081 2292 tunc
1119 2264 1293 2301 quaero:
1331 2257 1401 2293 aut
1434 2258 1571 2302 potest
1597 2265 1851 2302 cognoscere
1889 2255 1994 2290 illam

335 2314 634 2353 similitudinem
660 2316 729 2350 aut
754 2324 836 2350 11011
856 2314 1023 2359 potest?
1063 2315 1104 2351 Si
1123 2325 1206 2351 non
1227 2317 1374 2360 potest,
1396 2316 1473 2352 hoc
1493 2326 1574 2352 non
1596 2316 1755 2351 videtur
1775 2313 1997 2360 probabile,

334 2374 427 2418 quia
452 2373 519 2409 illa
545 2375 607 2409 est
633 2383 706 2418 per
733 2383 778 2409 se
805 2374 1068 2420 intelligibilis
1096 2375 1136 2410 et
1161 2374 1384 2411 intellectui
1412 2375 1584 2411 unibilis.
1636 2375 1677 2411 Si
1713 2374 1850 2419 potest
1885 2372 1999 2408 intel-

334 2433 459 2477 ligere
486 2432 594 2468 illam
621 2433 932 2475 similitudinem,
971 2434 1041 2469 aut
1077 2443 1151 2478 per
1187 2434 1410 2470 essentiam
1448 2443 1561 2470 suam
1590 2454 1630 2458 —
1660 2434 1700 2469 et
1730 2434 1826 2468 tunc
1854 2432 1998 2468 eadem

333 2492 490 2528 ratione
517 2492 606 2534 alia,
646 2501 750 2536 quae
778 2493 871 2527 sunt
907 2492 1182 2529 essentialiter
1219 2493 1259 2528 in
1298 2493 1443 2533 anima,
1480 2493 1629 2537 poterit
1662 2492 1889 2537 intelligere
1926 2500 1999 2536 per
2018 2504 2051 2529 35

334 2551 568 2593 essentiam,
607 2551 761 2587 scilicet
796 2551 884 2587 sine
912 2551 1190 2595 similitudine;
1227 2552 1262 2588 si
1292 2554 1426 2588 autem
1462 2551 1648 2597 intelligit
1679 2551 1787 2587 illam
1820 2550 1999 2586 similitu-

334 2610 469 2646 dinem
495 2612 564 2646 aut
588 2619 662 2655 per
687 2610 795 2645 illam
822 2610 1124 2646 similitudinem
1156 2610 1418 2655 cognoscitur
1452 2611 1503 2646 ab
1543 2620 1593 2646 63
1627 2610 1807 2656 genitam
1835 2630 1876 2634 ——
1903 2612 1998 2645 tunc

334 2669 408 2704 erit
436 2669 652 2705 similitudo
681 2669 951 2705 similitudinis
980 2670 1021 2704 et
1047 2669 1101 2705 ita
1127 2669 1167 2704 in
1194 2668 1405 2704 infinitum.
1456 2668 1573 2709 Quod
1600 2670 1663 2705 est
1688 2668 1951 2713 impossibile.

474 2774 513 2806 11
540 2773 770 2815 intelligatur]
800 2774 835 2812 —l-
867 2774 946 2806 fieri
967 2774 1177 2815 intellegere
1276 2774 1316 2805 15
1344 2773 1507 2812 dicentis]
1527 2773 1650 2806 dicens
1747 2773 1789 2805 22
1817 2771 1999 2810 affectum]

335 2826 502 2858 effectum
598 2827 639 2859 27
661 2828 694 2859 et
713 2827 754 2858 28
783 2826 917 2868 gignat]
945 2827 1058 2868 gignit

473 2926 807 2966 1(311’.”1“11011133,
844 2927 878 2960 S.
915 2927 1012 2960 1111.
1051 2936 1083 2967 q.
1120 2927 1161 2960 87
1199 2928 1294 2967 3.1;
1333 2926 1508 2966 Scotus,
1548 2927 1663 2959 Oxon.
1700 2927 1730 2965 2,
1767 2926 1798 2959 d.
1835 2926 1864 2965 3,
1902 2934 1934 2966 q.
1963 2926 1998 2964 8;

335 2979 605 3013 Godefridus
632 2981 681 3012 de
708 2981 935 3019 Fontibus,
966 2980 1098 3020 Quodl.
1125 2980 1148 3019 Ι,
1177 2989 1210 3020 q.
1238 2981 1268 3012 9.

472 3032 486 3054 2
511 3033 579 3072 XII,
608 3034 626 3065 6
654 3032 723 3072 (PL
750 3033 802 3073 34,
825 3033 889 3065 458
916 3042 992 3073 seq.
1020 3042 1052 3066 n.
1081 3031 1148 3071 15).
1290 3031 1304 3053 3
1329 3033 1397 3065 Per
1422 3033 1543 3065 totum.
1596 3033 1648 3064 PL
1676 3032 1728 3069 32,
1757 3032 1821 3064 779
1849 3040 1952 3071 seqq.
