2095 3459
323 229 390 264 218
843 230 994 262 Joannis
1021 230 1185 262 Pechami
1215 230 1466 267 Quaestiones.

463 327 540 363 Alii
561 327 698 363 dicunt
718 326 825 371 quod
847 327 998 362 veritas
1020 336 1102 362 non
1123 327 1186 362 est
1205 326 1266 362 rei
1287 327 1479 366 essentia,
1508 327 1580 362 sed
1601 326 1831 370 proprietas
1851 335 1990 362 essen-

324 386 441 426 tialis,
478 385 571 430 quia
607 394 867 429 consequens
900 385 1133 420 immediate
1168 385 1402 421 essentiam.
1452 385 1603 429 Itaque,
1642 385 1737 420 licet
1771 385 1902 429 possit
1939 385 1990 420 ab

325 444 505 480 essentia
531 444 733 489 distingui,
760 453 841 479 non
868 444 1005 479 tamen
1029 443 1238 479 intellectu
1257 444 1493 479 resolvente
1516 443 1800 479 circumscribi.
1846 443 1991 479 DIcunt

323 504 430 539 idem
458 503 507 538 de
534 502 687 538 unitate
715 504 755 538 et
774 502 967 543 bonitate,
995 502 1089 547 quia
1116 503 1219 538 haec
1245 503 1323 538 tria
1352 504 1445 538 sunt
1465 502 1582 547 quasi
1602 503 1762 538 habitus
1784 502 1989 538 naturales

328 562 551 598 essentiam
578 562 894 605 consequentes.
2010 565 2025 588 5

465 620 536 656 Cui
570 620 730 655 videtur
768 620 1026 656 Avicenna
1061 621 1313 656 concordare
1350 620 1491 656 dicens
1526 620 1850 665 V111.Metaph.1
1883 621 1990 665 quod

325 680 477 715 veritas
504 679 824 724 uniuscuiusque
852 680 912 716 rei
939 681 1001 715 est
1022 679 1251 724 proprietas
1272 679 1333 715 sui
1354 689 1461 721 esse,
1488 680 1595 724 quod
1618 679 1836 715 stabilitum
1858 680 1922 715 est
1942 679 1989 715 ei.

325 739 441 774 Ponit
477 739 583 774 enim
622 738 815 774 accidens
852 748 947 774 esse
981 748 1114 779 omne,
1153 739 1260 783 quod
1296 748 1378 774 non
1413 738 1536 774 intrat
1569 738 1629 773 rei
1664 739 1910 783 quiditatem‚
1949 740 1991 774 ut

326 797 482 833 scilicet
529 797 765 841 quiditatem
804 797 934 842 ipsam
973 798 1013 833 et
1049 797 1247 842 principia
1285 797 1415 842 ipsam
1460 797 1758 841 componentia.
1819 796 1866 832 Et
1899 797 1991 832 Au-

325 866 383 901 gu
396 856 553 891 stinus
581 856 676 891 dicit
702 859 755 891 De
782 856 888 891 Trin.
915 856 972 897 V„
1000 866 1086 900 cap.
1114 858 1179 891 12:
1209 856 1504 901 „Intelligamus
1533 856 1672 897 Deum,
1700 856 1733 891 si
1759 865 1989 900 possumus,
2011 858 2043 882 10

326 915 415 950 sine
442 915 634 959 qualitate
661 916 822 956 bonum,
850 915 937 950 sine
960 915 1183 960 quantitate
1205 924 1396 960 magnum
1417 916 1514 950 etc.“
1555 914 1658 960 Ergo
1679 915 1781 950 sicut
1801 924 1990 960 magnum

326 983 424 1009 vere
464 975 526 1009 est
565 974 769 1018 quantitas
808 974 848 1009 in
887 974 1097 1011 creaturis.
1136 974 1191 1009 ita
1229 974 1381 1009 bonum
1420 974 1495 1009 erit
1533 974 1718 1018 qualitas.
1768 973 1814 1009 Et
1847 973 1990 1009 eadem

325 1033 483 1068 ratione
510 1033 662 1068 veritas
690 1034 730 1068 et
755 1033 899 1074 unitas,
940 1033 1033 1077 quia
1060 1033 1162 1068 sicut
1189 1042 1234 1068 se
1261 1033 1385 1068 habet
1410 1033 1543 1068 unitas
1570 1033 1630 1068 rei
1661 1033 1712 1068 ad
1743 1033 1991 1068 intellectum

325 1092 581 1128 indivisionis
618 1092 678 1127 rei
716 1092 755 1127 in
793 1102 838 1128 se
877 1093 1071 1136 quantum
1109 1092 1159 1127 ad
1196 1091 1396 1137 principia
1433 1101 1517 1133 sua,
1556 1092 1611 1127 ita
1636 1092 1787 1128 veritas
1816 1092 1867 1128 ad
1893 1091 1991 1127 indi-

326 1151 527 1187 visionem
553 1161 577 1187 a
604 1151 742 1196 specie
768 1151 931 1196 propria
959 1152 998 1186 et
1033 1151 1084 1186 ad
1118 1151 1157 1186 id
1193 1151 1301 1195 quod
1339 1152 1526 1195 apparet;
1564 1151 1727 1187 bonitas
1761 1151 1856 1192 dicit
1893 1151 1991 1186 indi-
2012 1152 2043 1177 ¹5

330 1210 529 1246 visionem
555 1210 615 1245 rei
641 1211 692 1246 ab
720 1210 960 1255 operatione
988 1210 1064 1245 sibi
1090 1210 1237 1251 debita,
1276 1219 1349 1254 per
1385 1219 1505 1254 quam
1535 1209 1588 1245 ad
1620 1209 1743 1246 finem
1771 1211 1990 1246 ordinatur.

467 1269 545 1305 Sed
573 1270 765 1314 quoniam
791 1269 850 1305 rei
885 1270 1038 1305 veritas
1075 1270 1137 1305 est
1172 1269 1260 1305 eius
1300 1268 1563 1305 conformitas
1602 1269 1653 1305 ad
1692 1279 1805 1305 suam
1845 1270 1991 1311 ideam,

327 1329 488 1364 dicente
515 1329 761 1370 AnseImo,
790 1329 847 1364 De
881 1329 1054 1364 Veritate
1081 1328 1183 1370 VII3‚
1220 1328 1328 1373 quod
1356 1328 1509 1364 veritas
1536 1328 1728 1370 omnium,
1766 1338 1870 1373 quae
1897 1330 1992 1364 sunt

326 1388 582 1429 <ess->entia
611 1389 673 1423 est
700 1388 793 1432 quia
813 1389 890 1423 hoc
912 1389 1015 1429 sunt,
1037 1388 1145 1432 quod
1165 1388 1205 1423 in
1226 1397 1385 1423 summa
1404 1388 1576 1423 veritate
1598 1389 1701 1429 sunt,
1729 1388 1990 1424 conformitas

328 1447 449 1482 etiam
477 1447 794 1482 substantiarum
820 1457 909 1482 cum
937 1457 1094 1482 summo
1123 1447 1348 1491 exemplari
1374 1457 1455 1483 non
1483 1448 1547 1483 est
1572 1448 1726 1482 tantum
1745 1447 1785 1482 in
1806 1447 1991 1483 acciden-
2010 1446 2044 1471 20

326 1506 432 1541 tibus
459 1506 524 1541 vel
550 1515 623 1550 per
648 1506 886 1547 accidentia,
913 1506 1034 1542 immo
1064 1506 1318 1542 substantiae
1344 1516 1418 1551 per
1443 1506 1482 1541 id
1510 1507 1617 1551 quod
1645 1508 1738 1542 sunt
1764 1506 1801 1542 ei
1834 1505 1991 1542 confor-

327 1566 487 1600 mantur
513 1566 553 1600 et
578 1566 629 1601 ab
657 1565 746 1609 ipso
775 1565 1063 1610 exprimuntur,
1102 1565 1354 1610 impossibile
1392 1567 1455 1601 est
1489 1565 1702 1601 veritatem
1736 1565 1905 1610 primam
1930 1565 1991 1601 rei

328 1633 422 1659 esse
449 1624 651 1659 accidens.
700 1623 748 1660 Et
773 1625 865 1660 ideo
892 1625 988 1660 dicit
1012 1625 1318 1671 Augustinus
1346 1625 1454 1669 quod
1481 1625 1633 1660 veritas
1658 1625 1719 1660 rei
1753 1625 1816 1660 est
1851 1634 1991 1660 essen-

326 1683 432 1718 tialis
466 1683 536 1723 rei,
575 1683 688 1719 cuius
722 1685 794 1725 est,
832 1684 888 1719 ita
919 1685 1055 1720 tamen
1083 1684 1189 1729 quod
1217 1694 1299 1720 non
1327 1684 1433 1720 cadit
1458 1684 1499 1719 in
1525 1684 1633 1720 aliud
1660 1693 1801 1729 genus.
1850 1684 1989 1728 Itaque

327 1742 478 1778 veritas
505 1743 758 1778 substantiae
779 1748 841 1778 est
862 1743 1141 1779 substantialis
1161 1752 1239 1779 nec
1259 1743 1300 1778 in
1322 1743 1401 1779 alio
1423 1752 1575 1789 genere
1597 1743 1747 1779 veritas
1766 1743 1989 1779 accidentis
2009 1747 2041 1771 25

328 1802 391 1836 est
404 1801 605 1837 accidens.
632 1801 678 1837 Et
692 1802 797 1837 hanc
814 1802 903 1837 dico
919 1801 1119 1838 rationem
1134 1801 1264 1847 magis
1280 1811 1504 1837 consonam
1520 1803 1753 1838 sanctorum
1769 1801 1989 1837 doctrinae.

465 1860 617 1896 Tamen
643 1862 883 1906 argumenta
909 1861 959 1896 ad
986 1861 1157 1906 primam
1183 1862 1366 1906 partem4
1397 1861 1607 1902 <inductab
1641 1860 1862 1905 sophistice
1899 1870 1991 1896 con-

328 1919 502 1961 cludunt,
538 1920 632 1964 quia
656 1919 771 1956 locus
797 1930 821 1956 a
848 1921 1010 1956 casibus
1039 1922 1079 1956 et
1104 1920 1332 1966 coniugatis
1370 1930 1452 1956 non
1490 1921 1604 1956 tenet
1639 1929 1767 1964 usque
1803 1920 1853 1955 ad
1890 1929 1990 1964 pura

326 1979 541 2014 abstracta.
591 1979 679 2014 Non
713 1979 818 2014 enim
855 1980 1056 2024 sequitur:
1092 1979 1222 2015 Homo
1250 1980 1313 2015 est
1338 1979 1506 2022 animal;
1547 1988 1643 2025 ergo
1670 1978 1900 2014 humanitas
1928 1979 1990 2014 est

327 2034 566 2073 animalitas.
617 2037 806 2082 Sequitur
832 2038 955 2073 enim:
983 2038 1127 2073 Album
1149 2039 1212 2073 est
1232 2038 1466 2078 coloratum,
1495 2047 1592 2084 ergo
1614 2037 1760 2072 albedo
1782 2038 1846 2072 est
1866 2037 1988 2072 color.
2008 2041 2042 2065 30

328 2096 408 2132 Sed
434 2097 579 2132 albedo
606 2106 688 2133 non
715 2097 809 2132 dicit
840 2107 926 2133 rem
958 2106 1059 2141 pure
1095 2097 1352 2138 abstractam,
1393 2096 1486 2141 quia
1524 2097 1671 2132 albedo
1707 2096 1802 2132 dicit
1836 2105 1923 2131 rem
1948 2096 1989 2131 in

327 2155 465 2198 specie
504 2165 577 2191 sua
615 2156 866 2200 completam.
916 2155 1090 2191 Econtra
1129 2155 1240 2191 color
1279 2156 1341 2190 est
1377 2164 1519 2200 genus.
1571 2154 1651 2191 Sed
1689 2164 1772 2190 non
1809 2154 1990 2199 sequitur

328 2213 511 2249 ulterius:
548 2214 653 2260 Ergo
692 2214 891 2250 albeditas
930 2216 993 2250 est
1031 2214 1262 2250 coloreitas.
1323 2213 1513 2250 Similiter
1550 2214 1591 2249 in
1628 2213 1857 2258 proposito,
1895 2213 1990 2258 quia

327 2273 478 2308 veritas
505 2273 599 2309 dicit
624 2274 718 2318 quid
745 2282 843 2318 pure
869 2274 1136 2315 abstractum;
1176 2273 1360 2309 similiter
1386 2274 1426 2308 et
1453 2273 1644 2308 essentia.
1694 2272 1789 2308 Ideo
1817 2272 1867 2308 ad
1894 2272 1989 2308 talia

327 2341 409 2367 non
436 2342 480 2367 se
508 2333 691 2368 extendit
716 2332 840 2368 illatio
868 2332 1095 2378 coniugata.
2008 2335 2040 2359 35

466 2390 527 2426 Ad
565 2392 789 2427 secundum
826 2391 1089 2433 <dicendum>
1130 2392 1238 2435 quod
1277 2391 1356 2426 ista
1400 2390 1582 2426 definitio
1628 2390 1888 2436 Augustini
1927 2391 1989 2425 est

328 2449 513 2491 causalis,
539 2460 621 2486 non
645 2450 826 2486 formalis
836 2458 842 2492 ;
870 2450 974 2486 sicut
999 2450 1096 2485 ista:
1124 2450 1220 2486 Dies
1248 2451 1311 2485 est
1336 2450 1432 2485 latio
1460 2450 1557 2485 solis
1585 2459 1708 2494 super
1733 2450 1894 2484 terram.

466 2508 526 2544 Ad
553 2509 713 2545 tertium
740 2509 1002 2551 <dicendum>
1030 2510 1137 2553 quod
1164 2509 1218 2544 ibi
1244 2509 1574 2553 Philosophus
1600 2508 1776 2552 loquitur
1802 2508 1852 2543 de
1878 2508 1986 2543 bono

327 2567 454 2610 primo
481 2568 613 2607 modo,
652 2568 759 2612 quod
793 2568 854 2603 est
885 2568 1035 2603 bonum
1062 2577 1135 2611 per
1161 2567 1400 2609 essentiam;
1439 2567 1503 2602 vel
1540 2567 1685 2611 accipit
1721 2566 1988 2602 substantiam

326 2634 399 2669 pro
427 2626 682 2662 substantiali
707 2627 826 2662 modo
854 2627 1074 2671 praedicto.
2007 2628 2040 2653 40

467 2760 485 2792 8
525 2760 745 2799 quiditateiu]
785 2761 1023 2800 quidsitatem‚
1063 2761 1174 2792 ettam
1213 2760 1383 2800 deinceps
1485 2760 1525 2792 10
1567 2759 1643 2798 112
1749 2760 1788 2791 21
1827 2760 1885 2791 vel
1923 2767 1988 2799 per

328 2812 539 2851 accidentia]
577 2813 732 2845 additur
756 2814 796 2845 z'rt
821 2814 994 2853 rna-ryme
1090 2814 1131 2845 23
1168 2813 1251 2845 dicit
1286 2812 1521 2853 Augustinus]
1558 2813 1653 2845 ducit
1687 2812 1723 2845 αθ
1757 2812 1987 2844 additionem

326 2865 384 2897 vel
409 2866 670 2898 correctionem
695 2867 735 2898 in
761 2867 932 2905 maraine
953 2867 1120 2906 positam
1146 2866 1263 2906 legere
1288 2865 1440 2905 nequivi

467 2993 478 3015 1
504 2994 589 3032 VIII,
617 2997 648 3027 6.
790 2994 804 3015 2
829 2995 883 3027 PL
910 2996 962 3033 42,
990 2995 1066 3027 912.

464 3046 479 3068 3
505 3047 559 3079 PL
587 3048 662 3086 158,
690 3049 766 3080 475.
907 3047 921 3069 4
947 3048 1089 3080 Scilicet
1113 3047 1143 3079 A
1172 3048 1270 3079 1—3.
