2095 3459
323 227 388 265 :126
826 228 1001 262 Johannis
1028 226 1193 261 Pechami
1222 224 1470 265 Quaestiones.

461 328 520 363 Ad
559 328 698 363 horum
740 326 1040 362 similitudinem
1087 334 1233 370 corpus
1278 324 1498 370 gloriosum
1542 323 1686 358 dicitur
1723 323 1869 360 subtile
1906 331 1979 368 pro

322 387 578 431 penetrativa
604 386 820 430 potestate,
847 385 941 430 quia
966 384 1149 428 spiritum
1169 383 1277 419 nullo
1299 383 1419 418 modo
1440 382 1589 427 poterit
1608 382 1828 418 retardare.
1863 382 1980 418 Unde

323 445 643 491 Augustinus,
672 445 729 480 De
754 445 929 480 Civitate.
954 442 1069 484 XXII,
1096 452 1182 487 cap.
1209 443 1299 478 291:
1339 441 1437 485 „Ubi
1462 442 1574 477 volet
1601 441 1776 486 spiritus,
1811 441 1865 477 ibi
1892 451 1981 485 pro·

322 504 428 539 tinus
456 504 531 539 erit
558 505 598 539 et
624 505 804 548 corpus.“
856 503 955 538 Item
981 501 1125 537 dicitur
1152 501 1300 537 subtile
1325 510 1398 545 pro
1431 500 1762 545 inpalpabilitate,
1798 499 1902 544 quia,
1940 502 1983 535 ut

322 562 416 598 dicit
443 562 708 607 Gregorius
736 562 776 597 in
802 561 1023 597 Homelia2
1063 559 1294 604 „Corrumpi
1331 568 1505 595 necesse
1540 560 1603 594 est
1629 559 1736 603 quod
1764 558 1980 603 palpatur“,
2000 560 2015 582 ⁵

322 621 343 657 i.
372 631 405 657 e.
432 622 538 665 quod
571 620 764 657 subicitur
798 619 1036 656 necessitati
1063 618 1318 663 palpationis,
1345 617 1439 662 quia
1465 627 1585 653 omne
1613 618 1693 653 tale
1714 618 1851 662 potest
1871 617 1981 662 tangi

323 680 430 716 tactu
456 679 626 724 physico
655 678 890 723 recipiendo
919 677 1172 714 influentiam
1199 677 1369 722 agentis.
1419 677 1528 712 Idem
1561 676 1668 712 enim
1695 676 1916 711 immittitur
1943 676 1981 711 in

322 748 487 774 sensum
526 739 566 774 et
604 737 858 774 contrarium.
919 736 999 773 Sed
1038 738 1187 777 tamen,
1226 735 1332 780 quod
1372 735 1467 771 dicit
1506 735 1799 780 Gregorius,
1839 734 1981 770 XVIII.

321 797 551 832 Moralium
563 799 588 838 3,
616 797 690 833 erit
710 806 781 841 pro
802 796 914 832 tanto
935 795 1149 840 palpabile,
1170 794 1264 839 quia
1284 794 1528 839 palpandum
1548 793 1696 839 poterit
1716 803 1761 829 se
1782 794 1982 838 praebere

322 865 403 891 non
430 855 610 900 physice,
649 856 670 891 i.
698 865 732 890 e.
760 865 841 890 non
867 854 1042 899 aliquam
1075 853 1387 898 impressionem
1424 852 1685 897 suscipiendo
1720 862 1745 888 a
1778 852 1981 897 palpante,

323 914 395 949 sed
422 914 717 950 mathematice.
768 914 864 949 Item
893 912 1036 948 dicitur
1062 912 1206 948 subtile
1232 915 1353 958 <pro>
1378 911 1671 956 perspicuitate
1699 912 1739 947 et
1764 910 1981 947 velocitate

323 973 506 1017 quadam,
533 973 637 1017 quia,
664 973 705 1008 ut
731 972 826 1008 dicit
846 971 1137 1017 Gregorius,
1159 970 1301 1006 XVIII.
1323 970 1599 1006 Moralium4:
1628 969 1706 1013 „Ibi
1731 969 1996 1005 uniuscuius-v

323 1041 493 1076 cumque
521 1032 696 1067 mentem
724 1032 774 1067 ab
801 1030 967 1066 alterius
995 1030 1122 1066 oculis
1144 1031 1416 1065 membrorum
1438 1028 1690 1074 corpulentia
1709 1038 1790 1064 non
1812 1029 1982 1064 abscon-

323 1090 399 1131 det,
438 1091 511 1126 sed
550 1091 701 1134 patebit
736 1090 893 1125 animus
932 1091 971 1125 et
1007 1090 1160 1133 patebit
1197 1088 1476 1133 corporalibus
1513 1088 1640 1123 oculis
1676 1087 1765 1132 ipsa
1800 1087 1981 1132 corporis

322 1149 564 1185 barmonia.‘⁴

461 1208 571 1246 Haec
598 1209 731 1243 autem
760 1208 835 1243 tria
861 1207 1022 1243 inerunt
1049 1216 1103 1242 ex
1128 1207 1282 1252 gloriae
1319 1206 1535 1251 potestate.
1585 1205 1632 1241 Et
1669 1206 1746 1241 hoc
1783 1205 1895 1250 patet
1929 1214 1982 1240 ex

323 1266 654 1302 consideratione
681 1274 912 1308 causarum,
953 1275 1005 1301 ex
1042 1265 1248 1301 efficiente
1286 1265 1441 1301 scilicet
1476 1265 1516 1300 et
1542 1274 1596 1300 ex
1623 1264 1791 1300 materia
1816 1264 1903 1306 <et>
1930 1273 1982 1299 ex

321 1324 450 1360 forma
475 1327 562 1367 <et>
589 1335 641 1361 ex
665 1325 759 1361 flne.
808 1325 894 1361 Hoc
922 1324 1028 1360 enim
1056 1324 1205 1360 scimus
1233 1324 1345 1360 cuius
1373 1333 1518 1359 causas
1547 1323 1830 1368 cognoscimus
1841 1325 1866 1358 ἴ».

460 1383 518 1419 Ex
542 1383 756 1423 efficiente,
777 1384 952 1428 inquam,
975 1382 1269 1427 omnipotentia
1283 1381 1501 1418 Creatoris.
1540 1381 1656 1418 Unde
1671 1381 1981 1427 Augustinus,

322 1443 385 1478 Ad
410 1443 722 1478 Consentiumss:
764 1442 903 1484 „Valet
940 1442 1060 1486 igitur
1095 1441 1231 1477 divina
1266 1441 1448 1485 potentia
1483 1441 1532 1476 de
1569 1441 1647 1476 ista
1677 1440 1825 1476 visibili
1860 1441 1982 1485 atque

324 1502 521 1537 tractabili
560 1501 732 1538 materia
769 1510 994 1545 corporum,
1034 1500 1272 1545 quibusdam
1312 1500 1637 1541 immanentibus,
1682 1499 1843 1535 auferre
1882 1509 1982 1543 quas

322 1560 494 1596 voluerit
522 1560 750 1604 qualitates,
788 1569 836 1595 ac
872 1568 945 1604 per
978 1560 1053 1594 hoc
1080 1559 1189 1594 valet
1215 1559 1336 1594 etiam
1363 1560 1545 1594 membra
1570 1558 1756 1594 mortalia
1780 1557 1983 1600 <formae>

323 1618 580 1654 lineamentis
608 1618 877 1658 manentibus,
904 1618 1162 1663 corruptione
1190 1617 1419 1654 huiusmodi
1445 1617 1701 1654 mortalitatis
1736 1618 1873 1653 amota
1907 1618 1983 1652 sta-

324 1677 391 1712 bili
418 1677 558 1722 vigore
585 1676 780 1713 firmare.“
834 1676 937 1717 Quia
962 1676 1067 1711 enim
1102 1676 1330 1712 accidentia
1364 1676 1499 1712 insunt
1534 1676 1795 1717 substantiae,
1831 1677 1984 1712 mutata

321 1736 361 1771 in
388 1736 529 1772 melius
555 1736 780 1771 substantia
806 1745 976 1771 necesse
1004 1736 1064 1771 est
1090 1735 1129 1770 in
1158 1735 1298 1770 melius
1335 1735 1479 1771 mutari
1513 1735 1742 1771 accidentia
1779 1735 1983 1779 insepara-
2003 1744 2027 1768 2.

322 1794 426 1830 bilia.
475 1794 592 1830 Unde
632 1794 763 1830 aufert
800 1794 1067 1838 Omnipotens
1107 1794 1241 1829 omnia
1279 1794 1506 1829 accidentia
1543 1793 1706 1829 ultimae
1745 1793 1984 1838 perfectioni

324 1853 593 1898 repugnantia
620 1855 659 1889 et
686 1853 775 1894 alia,
802 1854 844 1888 ut
870 1852 1179 1897 magnitudines,
1206 1861 1309 1896 quae
1336 1862 1360 1888 a
1387 1861 1558 1897 corpore
1585 1853 1699 1888 salva
1724 1852 1906 1897 corporis
1926 1861 1984 1887 es-

324 1912 455 1947 sentia
476 1912 624 1947 auferri
642 1921 722 1947 non
739 1912 919 1956 possunt,
941 1911 1126 1955 disponit,
1149 1912 1189 1946 ut
1207 1910 1398 1946 convenit
1418 1911 1656 1947 beatitudini
1670 1912 1983 1947 consummatae.

462 1970 560 2006 Item
587 1970 664 2005 hoc
690 1970 796 2005 idem
822 1970 934 2014 patet
959 1979 984 2005 a
1010 1970 1123 2014 parte
1150 1969 1357 2005 materiae.
1409 1969 1512 2010 Quia
1547 1970 1621 2006 erit
1647 1970 1810 2005 omnino
1837 1979 1984 2014 corpus

323 2029 547 2064 subiectum
574 2029 745 2065 animae.
795 2028 922 2069 Unde,
950 2029 1054 2064 sicut
1080 2029 1199 2064 modo
1227 2029 1389 2074 spiritus
1415 2028 1630 2073 impeditur
1654 2038 1679 2064 a
1704 2038 1777 2064 sua
1796 2029 1982 2065 libertate

327 2096 397 2132 per
423 2087 653 2132 grossitiem
678 2088 860 2132 corporis
892 2088 931 2123 et
965 2088 1199 2123 carceratur
1235 2096 1406 2132 corpore
1442 2088 1687 2129 carcerat07,
1724 2087 1780 2123 ita
1818 2088 1985 2123 econtra

323 2146 386 2187 ibi,
425 2155 512 2181 cum
549 2155 696 2190 corpus
735 2146 855 2191 plene
892 2146 968 2182 erit
999 2146 1223 2182 subiectum
1256 2146 1428 2188 animae,
1468 2146 1731 2191 consequitur
1754 2146 1983 2182 libertatem

323 2204 494 2245 animae,
532 2206 574 2240 ut
612 2205 720 2240 nullo
758 2214 930 2250 corpore
964 2205 1100 2241 valeat
1126 2204 1321 2249 impediri.
1371 2205 1487 2241 Unde
1515 2205 1679 2241 habebit
1704 2205 1799 2241 illud
1825 2214 1982 2250 corpus,

462 2304 480 2335 8
508 2302 554 2341 et]
594 2303 629 2340 -l-
660 2303 693 2335 in
791 2303 810 2334 9
843 2302 1074 2343 palpandum]
1111 2302 1314 2343 palpandus
1411 2303 1544 2335 13—14
1578 2302 1788 2342 abscondet]
1822 2303 1983 2336 abscidet

327 2356 365 2387 16
393 2356 585 2396 potestate!
611 2352 656 2397 -55-
684 2356 850 2395 quoniam
878 2356 905 2387 si
933 2364 1003 2387 non
1030 2356 1180 2388 haberet
1204 2356 1297 2387 aliud
1320 2364 1426 2395 quam
1447 2364 1578 2396 corpus
1598 2356 1752 2388 animale
1773 2356 1867 2396 quod
1886 2356 1982 2388 Deus

323 2409 458 2448 posset,
495 2410 529 2440 et
555 2408 734 2440 multoties
761 2408 854 2444 facit,
891 2409 1079 2440 traducere
1106 2417 1171 2448 per
1197 2408 1291 2440 aliud
1318 2417 1450 2448 corpus
1476 2408 1649 2447 illaesum,
1686 2409 1771 2448 quia
1799 2408 1911 2440 exivit
1939 2409 1983 2441 de

324 2461 446 2493 clauso
467 2462 567 2493 utero
589 2461 737 2501 virginis
830 2461 872 2493 20
898 2460 1042 2499 visibili!
1068 2461 1236 2493 invisibili
1320 2461 1362 2493 23
1390 2460 1521 2500 amota]
1548 2462 1583 2493 et
1605 2462 1745 2493 mortua
1832 2461 1873 2493 28
1899 2469 1983 2493 con-

324 2513 534 2552 summatae]
560 2522 807 2546 consummare
903 2514 945 2545 33
973 2514 1116 2554 corpus!
1147 2513 1182 2549 -i-
1214 2514 1308 2554 quod

465 2607 471 2628 ¹
501 2607 640 2640 Potius:
679 2617 757 2648 cap.
787 2608 828 2639 30
868 2607 939 2647 (PL
965 2609 1018 2646 41,
1041 2609 1101 2640 801
1134 2618 1164 2640 n.
1195 2605 1244 2651 1);
1283 2609 1345 2641 cfr.
1378 2608 1515 2649 Hugo,
1555 2608 1606 2640 De
1636 2608 1814 2645 Sacram..
1853 2608 1910 2641 lib.
1944 2608 1981 2645 ΙΙ,

327 2669 357 2700 p.
384 2660 501 2699 XVHI,
527 2668 606 2700 cap.
634 2660 676 2692 20
703 2656 773 2702 (PL
803 2661 876 2699 176,
904 2660 995 2699 616).

461 2711 475 2734 2
500 2712 537 2745 ΙΙ,
565 2712 701 2745 Hamil.
729 2713 768 2745 in
795 2713 946 2753 Evanq„
972 2713 1064 2745 hom.
1094 2714 1135 2745 26
1162 2713 1233 2751 (PL
1258 2714 1311 2752 76,
1340 2713 1453 2752 1198).

461 2764 476 2786 ³
501 2765 631 2798 Locum
663 2766 710 2798 ibi
742 2775 813 2798 non
845 2766 975 2799 inveni.
1027 2766 1269 2807 Gregorius
1307 2767 1350 2798 (ie
1388 2767 1455 2798 hac
1492 2766 1643 2799 materIa
1681 2768 1809 2799 tractat
1845 2766 1981 2799 Moral.

324 2817 394 2856 XV,
421 2819 556 2850 55—57
584 2819 619 2850 et
644 2819 727 2851 dicit
753 2827 832 2859 cap.
861 2820 921 2852 57:
949 2820 1044 2858 „Erit
1069 2819 1177 2857 <caro
1203 2821 1286 2860 post
1311 2819 1634 2856 resurrectionem>
1663 2820 1862 2859 palpabilis,
1899 2820 1983 2859 quia

325 2879 393 2902 non
420 2871 557 2903 amittet
583 2871 777 2903 essentiam
803 2873 944 2904 veracis
970 2872 1141 2904 naturae“
1171 2869 1239 2913 (PL
1266 2873 1318 2911 75,
1348 2872 1435 2904 1080
1463 2881 1493 2904 n.
1522 2872 1590 2909 77).

461 2922 474 2943 4
501 2923 617 2962 XVIII,
645 2924 687 2955 48
714 2922 785 2962 (PL
811 2924 863 2963 76,
891 2924 933 2956 84
960 2934 992 2958 n.
1020 2925 1087 2964 78).

462 2975 476 2996 ⁵
501 2976 644 3014 Arist„
669 2976 779 3009 Anal.
805 2978 899 3016 post.
926 2977 963 3016 II,
992 2977 1032 3016 2,
1062 2976 1221 3017 Metaph.
1248 2977 1270 3015 I,
1299 2977 1315 3008 4
1344 2975 1410 3016 (3);
1443 2977 1544 3017 Phys.
1572 2978 1594 3015 Ι,
1625 2978 1634 3009 1
1667 2974 1769 3018 (text.
1799 2976 1844 3016 1).

461 3028 475 3048 ‘²
501 3028 613 3069 Epist.
641 3029 707 3062 205
733 3028 859 3066 (alias:
891 3029 969 3069 146)
995 3038 1073 3070 cap.
1103 3032 1117 3062 1
1147 3028 1216 3067 (PL
1242 3030 1296 3068 33,
1324 3030 1389 3061 943
1416 3039 1447 3062 n.
1477 3030 1520 3066 1).

463 3079 476 3102 ⁷
502 3081 572 3114 Cir.
600 3081 686 3122 Sap.
714 3082 744 3119 9,
774 3084 814 3114 15
842 3085 876 3114 et
903 3091 1021 3123 supra
1050 3092 1082 3122 p.
1112 3084 1163 3115 18.

2004 856 2035 879 lo

2002 1449 2036 1474 20

2003 2043 2037 2067 30
