2095 3459
346 189 367 221 8
855 194 1031 228 <Iohannis
1057 196 1224 230 Pechami
1252 199 1502 235 Quaestiones.

346 287 450 322 hanc
475 285 674 323 ratic'mem
702 289 882 326 insinuat
908 291 1277 331 Ecclesiastes
1302 296 1439 332 ultimo
1468 298 1540 343 (7):
1581 300 1845 342 „Revertatur
1882 303 2012 346 pulvis

344 345 383 381 in
410 346 560 381 terram
588 356 713 389 suam,
741 350 849 385 unde
878 352 975 391 erat,
1004 353 1044 387 et
1071 353 1235 397 spiritus
1274 356 1417 391 redeat
1456 357 1506 393 ad
1545 358 1760 395 Dominum
1798 360 1865 405 qui
1902 361 2013 398 dedit

344 404 485 440 illum.“

484 464 687 509 Amplius:
726 467 833 503 idem
872 471 985 513 patet
1023 472 1325 510 considerando
1364 475 1459 511 illud
1495 477 1602 521 quod
1639 479 1782 522 posset
1816 480 1913 523 poni
1938 490 2012 524 pro

343 523 500 559 ratione
541 524 627 560 eius
668 526 853 572 originali
879 529 944 564 vel
972 530 1133 566 causali.
1186 531 1385 571 Quoniam
1424 534 1519 570 illud
1557 537 1806 577 necessario,
1845 538 1879 573 si
1917 539 2047 583 quid5

342 584 463 623 esset,
491 583 626 628 aliqua
652 584 782 622 forma
809 588 1033 632 corporalis
1061 590 1126 625 vel
1152 591 1384 633 materialis,
1413 594 1506 638 quia
1534 595 1737 631 contraria
1763 599 1892 639 <non>
1920 599 2013 633 sunt

340 640 380 676 in
427 642 572 678 eadem
615 645 809 688 potentia.
875 646 979 693 Ergo
1019 650 1239 686 animatum
1285 653 1323 687 et
1369 653 1631 689 inanimatum
1670 658 1799 697 <non>
1837 658 1930 692 sunt
1971 658 2010 694 in

341 700 485 735 eadem
512 703 695 745 potentia
720 704 875 741 formae
902 707 1193 745 substantialis.
1239 710 1335 746 Cum
1359 712 1479 757 igitur
1497 713 1749 757 impossibile
1771 715 1822 750 sit
1840 715 2011 752 formam

340 760 592 797 materialem
617 772 642 798 a
668 764 839 800 materia
866 768 1060 810 separari,
1088 768 1340 814 impossibile
1362 773 1425 807 est
1445 772 1620 817 aliquam
1648 773 1819 810 formam
1845 775 1897 811 ad
1923 785 2010 821 gra-

339 818 433 854 dum
471 822 786 864 separabilitatis
827 827 1070 868 promoveri.
1135 827 1232 863 Cum
1272 829 1390 875 igitur
1426 832 1650 867 secundum
1676 833 1943 879 philosophos
1972 836 2064 871 et10

338 878 554 924 theologos
581 880 717 917 anima
742 883 952 920 rationalis
981 886 1032 921 sit
1059 888 1308 931 separabilis,
1348 888 1599 934 impossibile
1634 894 1696 927 est
1732 901 1821 928 eam
1856 894 2009 931 habere

337 936 645 975 fundamentum
671 941 841 978 alicuius
868 942 1023 980 formae
1051 947 1286 990 corporalis.

477 997 677 1042 Amplius:
716 1000 799 1037 Nec
833 1003 885 1038 ab
921 1003 1057 1040 anima
1082 1007 1328 1050 generantis,
1357 1008 1451 1052 quia
1477 1009 1651 1054 simplex
1679 1012 1718 1046 et
1744 1013 1901 1055 partem
1927 1022 2009 1048 non

338 1055 470 1091 habet.
521 1056 638 1094 Unde
665 1060 761 1095 nihil
788 1063 925 1105 potest
951 1065 1135 1108 separari
1162 1066 1212 1101 ab
1241 1075 1300 1102 ea.
1351 1066 1433 1102 Nec
1471 1070 1605 1112 potest
1639 1070 1729 1115 ipsa
1756 1069 2009 1115 multiplicari

336 1115 386 1150 ab
414 1124 464 1150 ea
502 1116 606 1152 sicut
643 1118 789 1155 lumen.
840 1120 927 1156 Non
967 1123 1074 1158 enim
1112 1124 1235 1160 habet
1273 1126 1647 1171 multiplicationem
1686 1130 1911 1166 naturalem
1949 1132 2008 1167 rei
2033 1137 2061 1162 ¹5

335 1176 624 1219 permanentis,
664 1178 769 1214 sicut
796 1189 885 1215 cum
914 1182 1085 1218 candela
1112 1183 1357 1220 illuminatur
1383 1195 1407 1221 a
1435 1187 1616 1228 candela,
1644 1189 1738 1233 quia
1765 1191 1855 1226 talis
1881 1192 2008 1228 multi-

335 1233 496 1277 plicatio
525 1238 588 1271 est
613 1239 824 1282 generatio
853 1242 892 1275 et
919 1240 1080 1277 eductio
1108 1243 1158 1278 de
1185 1245 1369 1288 potentia
1395 1246 1602 1282 materiae.
1653 1248 1737 1284 Nec
1755 1251 1892 1294 potest
1912 1260 2006 1288 esse

334 1302 407 1337 per
433 1294 807 1340 multiplicationem
834 1299 1155 1339 intentionalem,
1195 1303 1298 1339 sicut
1325 1306 1546 1349 generatur
1571 1306 1706 1343 lumen
1734 1318 1758 1344 a
1783 1309 2005 1354 luminoso;

335 1352 428 1397 quia
454 1355 561 1398 quod
589 1356 647 1391 sic
672 1357 858 1402 gignitur,
887 1369 969 1395 non
996 1360 1119 1396 habet
1147 1363 1370 1398 essentiam
1397 1368 1717 1408 permanentem.

923 1494 1093 1532 Solutio
1122 1498 1420 1535 obiectorum.
2023 1514 2056 1540 20

474 1580 501 1613 1.
541 1579 602 1615 Ad
640 1582 811 1625 primum
851 1583 1064 1631 dicendum
1104 1586 1212 1631 quod
1249 1587 1431 1624 informis
1469 1591 1639 1627 materia
1674 1593 1810 1637 potest
1835 1594 2003 1641 intelligi

331 1636 489 1673 duobus
511 1639 661 1675 modis:
686 1640 765 1676 Aut
785 1643 827 1677 ut
847 1642 1094 1689 intelligatur
1112 1646 1283 1682 materia
1302 1648 1486 1684 theorica
1504 1651 1739 1694 corporalis.
1760 1652 1854 1688 illud
1877 1654 2001 1691 chaos

330 1695 503 1740 implens
531 1698 657 1734 totam
683 1701 929 1737 vacuitatem
957 1703 1059 1739 caeli
1087 1706 1289 1749 empyrei;
1328 1724 1370 1726 —
1397 1708 1506 1751 quod
1532 1709 1752 1746 innuerunt
1778 1712 1844 1747 alii
1871 1714 2001 1749 sancti

328 1755 379 1790 ab
406 1755 703 1801 Augustino
730 1781 775 1784 —
802 1762 842 1796 et
869 1761 927 1797 sic
952 1762 1050 1798 nihil
1076 1764 1348 1801 intellectuale
1375 1766 1448 1802 fuit
1473 1768 1523 1803 de
1550 1768 1658 1813 ipsa;
1693 1791 1739 1794 —
1776 1772 1845 1807 aut
1870 1773 1913 1808 ut
1942 1772 2003 1809 in-

329 1813 531 1860 telligatur
558 1818 728 1853 materia
748 1829 822 1863 per
843 1829 888 1856 se
909 1821 1134 1863 divisibilis,
1163 1825 1387 1860 secundum
1409 1828 1516 1871 quod
1540 1828 1775 1875 intelligitur
1794 1831 2002 1868 abstracta
2020 1843 2053 1869 25

327 1874 378 1909 ab
407 1875 515 1910 omni
541 1875 671 1912 forma
698 1880 923 1915 secundum
953 1882 1327 1919 considerationem
1354 1887 1678 1931 metaphysicam
1712 1910 1757 1913 —
1792 1890 1832 1925 et
1864 1890 1924 1926 sic
1950 1891 2000 1927 de

328 1941 378 1968 ea
405 1935 543 1970 creata
570 1938 663 1971 sunt
689 1938 837 1979 omnia,
865 1941 1094 1984 corporalia
1121 1943 1161 1977 et
1182 1943 1415 1988 spiritualia,
1443 1946 1654 1983 sensibilia
1675 1949 1715 1984 et
1736 1948 1992 1987 insensibilia

326 1990 373 2026 Et
408 1992 466 2028 sic
501 1993 676 2038 loquitur
714 1996 1047 2043 Augustinus
1087 2001 1137 2037 de
1176 2003 1357 2041 materia.
1397 2003 1475 2040 XII.
1515 2005 1878 2045 Confessionuml:
1919 2009 1999 2053 „Tu

327 2050 498 2088 Domine
525 2051 658 2089 fecisti
684 2056 877 2092 mundum
903 2058 954 2094 de
981 2060 1152 2096 materia
1178 2060 1348 2102 informi,
1388 2073 1507 2108 quam
1546 2064 1679 2101 fecisti
1717 2067 1768 2103 de
1806 2068 1916 2104 nulla
1952 2079 1997 2106 re

325 2119 455 2154 penes
482 2112 632 2148 nullam
658 2117 777 2150 rem.“
827 2115 874 2152 Et
899 2117 1036 2162 Super
1055 2118 1151 2155 Gen.
1172 2121 1230 2156 ad
1250 2121 1340 2157 Litt.
1364 2121 1441 2158 V2:
1471 2123 1579 2166 „Non
1611 2125 1747 2171 itaque
1771 2128 1996 2173 temporali,
2017 2139 2050 2165 30

326 2169 400 2205 sed
427 2171 580 2206 causali
606 2173 717 2217 prius
744 2174 851 2211 facta
878 2177 939 2211 est
970 2177 1154 2214 informis
1192 2179 1415 2217 formabilis
1455 2184 1658 2226 materies,
1699 2186 1739 2221 et
1776 2187 1995 2231 spiritualis

326 2228 365 2263 et
403 2231 637 2274 corporalis,
677 2233 727 2269 de
766 2244 847 2279 qua
884 2236 1046 2280 quidem
1084 2237 1239 2275 faceret
1277 2241 1385 2285 quod
1423 2241 1655 2279 faciendum
1691 2247 1836 2281 esset.“
1896 2246 1995 2283 Item

323 2286 565 2332 Superi-Gen.
581 2294 722 2328 contra
735 2293 1078 2332 Manichaeum³z
1101 2297 1253 2340 „Primo
1275 2299 1368 2336 ideo
1390 2300 1507 2337 Deus
1519 2303 1749 2340 rectissime
1772 2305 1994 2349 credit<ur>

323 2346 373 2382 de
400 2347 524 2384 nihilo
552 2352 687 2387 omnia
712 2351 875 2395 fecisse,
915 2355 1010 2399 quia
1045 2356 1206 2393 etiamsi
1244 2359 1380 2395 omnia
1418 2359 1590 2397 formata
1629 2362 1679 2398 de
1718 2363 1797 2400 ista
1822 2366 1994 2403 materia

321 2405 430 2441 facta
456 2409 560 2450 sunt,
587 2409 689 2446 haec
716 2411 806 2456 ipsa
832 2414 969 2449 tamen
996 2415 1167 2452 materia
1193 2416 1243 2452 de
1270 2417 1394 2454 nihilo
1422 2418 1529 2455 facta
1561 2423 1633 2456 est.
1686 2421 1744 2458 Ita
1777 2422 1850 2459 fuit
1886 2424 1993 2462 dicta
2011 2434 2045 2459 35

321 2464 619 2503 firmamentum
646 2470 743 2505 etc.“
783 2470 915 2508 Credo
942 2483 1016 2518 per
1040 2474 1339 2512 firmamentum
1368 2478 1471 2514 caeli
1497 2481 1708 2516 materiam
1735 2483 1991 2527 corporalem

320 2529 455 2560 rerum
491 2526 706 2564 visibilium
741 2530 868 2567 fuisse
908 2532 1137 2569 discretam.
1188 2535 1517 2581 Augustinus
1555 2540 1693 2576 autem
1730 2540 1826 2577 illud
1864 2543 1989 2579 chaos

321 2592 402 2618 non
428 2585 564 2628 posuit
589 2596 725 2624 rerum
751 2589 1054 2628 distinctionem
1090 2594 1273 2639 tempore
1313 2597 1576 2640 praecedere.
1628 2598 1674 2634 Et
1709 2599 1768 2636 sic
1799 2602 1912 2645 patet
1937 2602 1989 2638 ad

320 2641 420 2678 duas
446 2644 596 2688 primas
623 2648 887 2685 auctoritates
915 2651 1209 2697 Augustini.

457 2780 474 2811 2
502 2780 598 2812 dedit
618 2782 713 2817 illum
734 2784 786 2815 sic
807 2786 1010 2825 corrigitur
1029 2787 1069 2819 in
1089 2789 1280 2828 maryz'nffi
1299 2791 1418 2822 textus
1438 2791 1564 2824 habet:
1578 2793 1663 2825 fecit
1683 2802 1764 2826 eum
1839 2796 1879 2828 15
1895 2796 1985 2836 Non]

319 2832 414 2871 quod
440 2834 557 2866 autem
655 2836 697 2868 26
725 2836 784 2875 ab]
811 2839 871 2870 aut
968 2840 1009 2871 32
1038 2840 1188 2879 faceret]
1214 2842 1254 2874 in
1280 2844 1453 2883 maraine
1478 2854 1571 2878 corr.
1600 2847 1661 2879 in:
1687 2847 1771 2880 fecit

456 2962 467 2985 1
493 2965 562 3004 ΧΠ,
591 2966 609 2997 8
636 2965 706 3004 (PL
732 2968 785 3006 32,
813 2969 878 3001 829
905 2978 937 3002 n.
966 2970 1011 3009 8).
1154 2971 1168 2993 2
1194 2972 1233 3011 V,
1262 2972 1378 3012 5,(Ριι
1403 2975 1457 3014 34,
1484 2976 1550 3008 326
1578 2986 1610 3009 n.
1640 2976 1696 3016 13)

454 3016 469 3039 3
493 3017 516 3057 1,
544 3019 563 3050 6
590 3018 660 3059 (PL
685 3020 738 3060 34,
769 3021 832 3054 178
859 3031 890 3055 n.
921 3022 988 3063 10).
