2095 3459
807 189 979 227 Quaestio
1004 190 1120 223 XVIII.
1739 186 1808 222 155

135 283 226 319 loco
253 283 421 319 caelesti
448 285 663 325 reducitur,
703 286 739 321 ei
779 286 818 322 in
844 286 974 322 forma
1007 287 1047 322 et
1079 286 1272 332 qualitate
1305 286 1560 322 assimiletur.
1610 285 1694 322 Nec
1729 285 1808 321 eui-

136 351 308 386 cumque
342 342 469 383 caelo,
506 344 579 379 sed
620 344 667 385 ei,
694 344 733 380 in
777 354 856 389 quo
897 346 960 380 est
997 345 1110 381 locus
1150 345 1360 390 spirituum
1401 345 1442 380 et
1476 343 1560 385 Dei,
1600 344 1707 389 quod
1745 344 1808 380 est

136 410 262 445 super
287 401 443 437 caelum
471 403 630 445 mobile,
657 404 765 448 quod
787 413 1025 448 empyreum
1046 404 1283 449 appellatur.
1335 402 1457 439 Cuius
1483 403 1553 438 lux
1574 403 1638 439 est
1657 403 1807 439 incom-

134 460 371 504 parabiliter
405 460 565 507 dignior
598 462 689 498 luce
715 462 952 499 inferiorum
990 463 1157 504 orbium,
1193 472 1298 508 quae
1335 463 1386 498 ad
1425 462 1807 498 transmutationem

100 509 114 532 ⁵
135 518 226 564 agit.
265 517 442 564 Dignior,
469 520 644 565 inquam,
665 530 756 557 cum
777 521 864 557 eius
891 521 983 558 finis
1007 523 1058 558 sit
1078 522 1240 557 claritas
1261 522 1442 557 aeterna.
1481 520 1540 557 De
1561 530 1641 566 quo
1663 520 1808 556 dicitur

132 576 256 621 Apoo.
284 578 338 618 21,
359 578 469 620 <23>:
496 578 669 622 „Civitas
704 589 788 616 non
825 581 919 626 eget
957 580 1044 617 sole
1081 589 1216 625 neque
1255 580 1361 622 luna,
1400 580 1442 616 ut
1468 580 1631 616 luceant
1669 579 1709 615 in
1737 588 1806 622 ea;

134 645 228 672 nam
254 636 416 673 claritas
443 637 518 673 Dei
553 638 749 675 illuminat
787 649 878 675 eam
914 640 954 675 et
987 639 1157 675 lucerna
1194 639 1281 675 eius
1318 638 1458 685 Agnus
1492 639 1587 675 est.“
1640 638 1681 675 Si
1707 647 1806 684 ergo

134 695 291 730 caelum
318 705 557 741 empyreum
584 698 726 743 egeret
759 697 1053 734 illuminatione
1084 698 1219 738 solari,
1255 707 1338 734 non
1366 698 1478 734 esset
1503 697 1544 733 in
1572 707 1621 733 eo
1643 697 1806 733 claritas

133 753 354 795 uniformis,
381 755 502 791 immo
530 757 714 801 tempore
743 756 905 802 eclipsis
934 757 1078 793 solaris
1108 758 1221 793 esset
1246 756 1287 792 in
1315 766 1365 792 eo
1387 757 1612 793 secundum
1631 756 1806 801 aliquam

84 827 114 852 ιο
133 813 291 857 partem
324 814 564 856 obscuritas,
603 815 711 860 quod
744 816 807 851 est
832 815 1132 852 inconveniens
1166 815 1438 854 manifestum.
1485 815 1575 851 Non
1600 815 1721 861 igitur
1751 816 1808 850 at-

135 871 251 917 tingit
277 872 435 908 caelum
461 873 557 909 illud
590 873 728 921 radius
768 873 925 916 solaris,
957 883 1036 910 nec
1061 874 1126 910 est
1162 873 1329 910 minoris
1367 873 1560 910 claritatis
1588 883 1709 919 quam
1735 874 1806 909 sol.

132 930 256 966 Immo
283 931 406 977 longe
432 932 610 974 maioris,
649 942 740 970 011111
778 932 830 969 sit
865 933 980 969 locus
1013 933 1179 979 gloriae.
1238 932 1343 969 Dicit
1369 933 1477 969 enim
1512 933 1683 969 Glossa1
1709 934 1807 975 <ad>

137 989 271 1026 Isaiae
296 991 352 1032 30,
377 991 480 1033 <26>.
541 990 753 1035 „Similiter
787 992 883 1028 illud
922 992 998 1028 erit
1031 992 1102 1028 lux
1135 992 1257 1028 lunae
1297 992 1407 1034 etc.“,
1446 992 1663 1038 assignans
1702 993 1808 1029 hanc

131 1049 344 1091 rationem,
385 1050 502 1095 „quia
539 1050 676 1087 omnia
713 1052 880 1096 propter
915 1052 1122 1088 hominem
1155 1051 1264 1088 facta
1297 1051 1484 1097 peiorata
1522 1052 1616 1088 sunt
1650 1051 1691 1088 in
1718 1052 1806 1088 eius

83 1121 112 1146 15
131 1107 260 1153 lapsu,
288 1108 350 1144 sol
376 1109 417 1145 et
441 1109 538 1145 luna
565 1119 639 1146 suo
664 1110 817 1146 lumine
843 1110 1078 1147 minorata.“
1129 1110 1312 1147 Necesse
1339 1111 1403 1147 est
1422 1110 1552 1156 igitur,
1572 1111 1616 1146 ut
1634 1120 1808 1156 corpora

131 1167 313 1213 gloriosa
329 1167 370 1203 in
386 1168 612 1205 claritatem
632 1169 736 1206 caeli
756 1169 941 1215 empyrei
959 1170 1217 1207 reducantur,
1257 1169 1371 1211 Quae
1391 1170 1520 1206 maior
1541 1171 1604 1206 est
1624 1170 1807 1206 claritate

133 1226 264 1262 omnis
291 1227 499 1263 luminaris
535 1228 635 1270 <ad>
673 1228 1010 1265 illuminationem
1048 1229 1222 1265 hominis
1258 1229 1445 1266 animalis
1483 1229 1609 1265 vitam
1645 1229 1806 1275 agentis

133 1278 325 1330 deputati.
374 1287 498 1323 immo
526 1296 617 1323 cum
644 1297 883 1333 empyreum
916 1288 967 1324 sit
999 1298 1147 1333 corpus
1180 1288 1312 1324 minus
1340 1288 1513 1324 densum
1539 1297 1712 1334 corpore
1738 1289 1807 1324 hu-

132 1354 265 1387 mane,
298 1354 474 1382 necesse
511 1347 574 1382 est
609 1339 756 1392 corpus
792 1348 1013 1383 humanum
1047 1348 1137 1393 ipso
1173 1348 1303 1394 magis
1340 1348 1492 1384 clarum
1519 1347 1711 1384 existere.
1760 1346 1808 1382 Et

79 1416 113 1441 20
132 1403 265 1440 lucem
291 1404 458 1441 habebit
484 1405 624 1451 magis,
651 1406 694 1441 ut
719 1405 903 1448 arbitror,
930 1406 1160 1443 adunatam.

270 1463 369 1499 Item
395 1464 473 1500 hoc
499 1464 607 1500 idem
632 1466 746 1510 patet
764 1475 789 1501 a
809 1464 939 1501 forma
958 1466 1161 1511 corporali
1187 1465 1369 1511 corporis
1398 1464 1576 1511 gloriosi,
1604 1465 1806 1510 quoniam,

133 1523 175 1558 ut
202 1522 352 1559 dictum
378 1523 473 1565 est2‚
501 1524 686 1569 quamvis
714 1534 862 1570 corpus
888 1525 1110 1570 gloriosum
1136 1525 1177 1561 in
1196 1526 1373 1561 futurum
1400 1524 1452 1560 sit
1477 1525 1661 1566 densum,
1683 1534 1807 1569 quan-

132 1583 216 1618 tum
241 1582 293 1618 ad
331 1583 468 1627 partes
506 1583 797 1620 substantiales
836 1584 1044 1625 materiae,
1082 1585 1220 1620 tamen
1258 1585 1309 1620 ab
1347 1583 1438 1629 ipsa
1472 1583 1642 1620 materia
1675 1583 1806 1620 omnis

133 1640 328 1686 opacitas,
355 1641 437 1677 tam
461 1641 632 1678 interius
660 1652 781 1687 quam
808 1643 1001 1685 exterius,
1022 1643 1241 1680 auferetur.
1276 1643 1394 1679 Unde
1415 1642 1556 1678 intima
1576 1652 1651 1679 sua
1671 1643 1807 1679 osten-

79 1711 112 1736 25
132 1700 189 1737 dit
214 1709 362 1745 corpus
396 1700 630 1746 gloriosum,
665 1702 707 1737 ut
743 1702 892 1738 dictum
928 1703 1025 1738 est3.
1077 1701 1195 1743 Quod
1228 1712 1311 1738 non
1345 1701 1441 1738 facit
1475 1711 1623 1747 corpus
1660 1701 1805 1742 solare,

133 1759 208 1796 sed
233 1760 389 1796 tantum
419 1760 679 1805 superficiem
715 1770 841 1803 suam,
880 1771 958 1797 neo
993 1761 1116 1798 etiam
1154 1771 1302 1807 corpus
1337 1761 1491 1803 lunare,
1530 1760 1734 1806 quoniam,
1773 1760 1807 1796 si

132 1828 307 1864 corpora
331 1818 399 1855 illa
436 1819 634 1856 caelestia
673 1821 815 1857 essent
853 1820 1006 1865 pervia,
1044 1822 1141 1857 tunc
1166 1821 1353 1866 tempore
1393 1820 1556 1865 eclipsis
1596 1819 1695 1856 solis
1732 1829 1807 1865 per

131 1878 310 1914 medium
348 1878 530 1923 corporis
562 1878 717 1915 lunaris
757 1879 844 1915 eius
873 1879 1034 1916 claritas
1069 1880 1258 1916 radiaret.
1311 1879 1427 1920 Quod
1453 1888 1536 1915 non
1564 1880 1628 1915 est
1658 1888 1805 1915 verum.

130 1937 254 1983 Igitur
278 1937 349 1973 lux
375 1937 559 1982 corporis
597 1938 766 1983 gloriosi
802 1938 925 1984 longe
962 1939 1091 1985 magis
1120 1940 1184 1975 est
1209 1938 1469 1975 interminata
1495 1947 1616 1983 quam
1643 1937 1804 1974 claritas

79 2013 113 2037 30
133 1996 278 2032 solariS
305 1996 372 2032 vel
396 1996 563 2033 alterius
591 1997 773 2042 corporis
796 1998 999 2034 caelestis.
1031 1997 1134 2039 Quia
1153 1998 1273 2044 igitur
1292 1998 1334 2034 in
1354 1997 1594 2043 corporibus
1615 1997 1805 2043 gloriosis

131 2055 312 2091 manebit
344 2055 681 2101 complexionalis
721 2057 762 2093 et
797 2057 1075 2093 substantialis
1112 2057 1308 2099 densitas,
1347 2057 1542 2102 quantum
1579 2056 1632 2092 ad
1666 2056 1804 2101 partes

131 2114 328 2151 materiae
354 2115 656 2157 substantiales,
683 2116 865 2152 manebit
883 2116 1006 2152 etiam
1024 2116 1080 2152 ibi
1100 2126 1223 2153 verus
1248 2116 1371 2158 color,
1393 2116 1462 2161 qui
1482 2116 1545 2151 est
1566 2115 1804 2152 extremitas

130 2173 338 2219 perspicui
361 2173 403 2209 in
430 2183 604 2219 corpore
629 2174 880 2211 terminato4.
931 2174 1035 2216 Quia
1062 2175 1185 2212 etiam
1210 2176 1262 2212 ab
1287 2175 1356 2211 illa
1382 2174 1587 2211 densitate
1614 2174 1806 2210 exclude-

131 2232 195 2268 tur
221 2232 353 2268 omnis
380 2233 576 2278 opacitas,
604 2233 679 2270 erit
704 2233 760 2270 ibi
786 2234 948 2270 claritas
974 2230 1247 2271 interminata.

79 2307 113 2333 35
270 2291 371 2327 Item
408 2292 487 2328 hoo
526 2292 635 2329 idem
671 2293 785 2338 patet
823 2302 878 2329 ex
913 2293 1014 2335 fine,
1053 2293 1122 2338 qui
1164 2294 1227 2330 est
1267 2302 1425 2329 summa
1461 2292 1660 2334 felicitas,
1699 2302 1804 2337 quae

130 2349 299 2395 requirit
332 2350 553 2387 maximam
584 2351 933 2396 pulchritudinem,
971 2352 1165 2397 quoniam
1197 2352 1285 2388 sola
1310 2351 1366 2387 ibi
1390 2351 1688 2397 pulchritudine
1715 2351 1804 2387 sine

132 2409 243 2445 omni
265 2409 433 2446 libidine
459 2409 636 2446 invicem
661 2411 984 2453 delectabuntur,
1019 2412 1062 2447 ut
1097 2411 1219 2448 docet
1251 2410 1569 2456 Augustinus,
1604 2410 1719 2446 XXII.
1746 2410 1805 2446 Dc

131 2468 318 2512 Civitate,
343 2478 431 2514 cap.
457 2469 534 2505 235.
583 2468 631 2505 Et
661 2469 990 2515 Philosophus
1023 2470 1145 2507 docet
1170 2469 1212 2506 in
1245 2470 1403 2506 Ethieis
1428 2469 1475 2506 I.⁶
1500 2469 1609 2515 quod
1633 2469 1804 2515 pulchri-

271 2572 290 2605 8
311 2571 449 2613 egeret]
465 2573 591 2614 ageret
650 2573 691 2606 10
711 2573 954 2613 manifestum]
967 2579 1030 2606 m¹11
1089 2574 1130 2606 17
1149 2572 1347 2613 luminaris]
1362 2573 1573 2606 illuminaris
1634 2574 1675 2606 21
1696 2572 1803 2612 idem]

132 2625 218 2663 illud
291 2625 334 2657 30
360 2624 481 2667 igitur]
508 2626 627 2667 agitur
699 2626 756 2665 35]
782 2626 883 2665 Item]
908 2627 1004 2659 idem

271 2724 283 2746 1
309 2725 365 2758 Ad
389 2726 521 2758 verba:
547 2726 617 2765 „Et
639 2726 710 2759 erit
735 2727 798 2759 lux
825 2726 939 2759 lunae
964 2727 1060 2759 sicut
1085 2726 1149 2759 lux
1174 2726 1266 2759 solis
1291 2728 1324 2759 et
1350 2727 1414 2758 luz
1439 2727 1531 2759 solis
1557 2727 1626 2759 erit
1650 2728 1802 2768 septem-

128 2778 286 2819 pliciter,
313 2778 410 2811 sicut
434 2779 498 2811 luz
523 2780 661 2820 septem
687 2778 854 2812 dierum“
881 2779 1058 2812 rationem
1084 2779 1229 2812 allatam
1249 2779 1350 2820 ponit
1375 2779 1511 2812 Glossa
1535 2779 1801 2812 interlinearis.

270 2830 285 2853 2
310 2831 427 2872 Supra
452 2840 535 2873 pag.
564 2832 640 2864 126.
782 2831 797 2854 3
823 2832 940 2873 Supra
964 2841 1049 2873 pag.
1078 2832 1160 2872 126;
1186 2832 1281 2865 infra
1307 2833 1383 2872 151³,
1411 2832 1457 2865 ad
1482 2832 1513 2865 6.

270 2883 286 2906 4
309 2884 453 2924 Arist„
479 2885 531 2917 De
556 2884 657 2918 Sans.
684 2885 729 2917 ed
754 2884 907 2923 sensae„
934 2894 1014 2925 cap.
1041 2885 1072 2917 3.

271 2936 286 2959 5
311 2937 329 2969 ἓ)
355 2936 426 2969 Sed
450 2937 552 2976 XXII,
575 2938 615 2970 19
643 2936 713 2976 (PL
733 2938 786 2977 41,
808 2936 889 2977 781)
913 2938 1058 2970 dicitur:
1088 2937 1261 2977 „Proinde
1286 2938 1384 2970 nulla
1410 2938 1477 2970 erit
1504 2938 1714 2971 deformitas
1735 2964 1741 2970 .
1764 2964 1770 2970 .
1794 2964 1800 2970 .

134 2989 195 3023 ubi
220 2991 256 3022 et
283 2998 375 3030 quae
401 2999 518 3030 prava
542 2992 625 3022 sunt
650 2989 906 3032 corrigentur.‘·‘

272 3041 287 3065 ὅ
311 3042 426 3076 Ειὴὶο.
451 3043 594 3076 Nicom.
619 3043 643 3083 I,
671 3043 690 3076 8
716 3042 784 3083 (9);
810 3044 873 3076 cir.
899 3043 1001 3077 Rhet.
1027 3043 1051 3082 I,
1080 3044 1110 3075 5.
