2095 3459
819 196 990 233 Quaestio
1017 196 1069 229 111.
1750 191 1795 227 :37

118 293 272 328 tantum
300 294 340 329 et
367 302 502 335 carne,
528 294 666 330 anima
691 303 780 329 cum
807 293 967 330 ratione
996 303 1071 330 sua
1098 294 1137 330 et
1173 303 1297 330 carne
1334 303 1423 329 cum
1464 292 1655 329 sensibus
1696 292 1793 333 suis,

119 351 140 387 i.
168 361 201 387 e.
228 351 319 388 visu
337 355 350 395 Η
368 353 508 389 auditu
536 354 611 389 etc.
639 363 742 398 quos
778 354 916 389 tamen
954 356 1152 396 <sensus>
1190 354 1348 399 absque
1387 352 1550 389 animae
1590 351 1789 388 societate
1812 355 1874 387 sol.
1895 355 2004 387 39ra

118 420 199 447 non
227 413 365 448 movet
391 415 521 449 caro.“
568 412 627 449 Ex
654 424 733 458 quo
761 414 885 458 patet,
911 414 1019 458 quod
1044 413 1212 451 nomine
1240 413 1402 450 animae
1431 412 1563 449 solum
1590 411 1794 458 significat

116 469 376 507 intellectum.

80 529 97 555 5
254 529 360 576 Ergo
397 532 620 567 secundum
663 533 739 568 lioc
774 531 852 568 dici
887 533 1025 577 potest
1063 542 1184 568 unam
1225 541 1320 568 esse
1357 532 1397 568 in
1424 532 1590 568 homine
1616 530 1792 567 animam
1832 569 1833 572 Ἴ

115 589 236 634 plene
260 599 352 626 eum
368 590 657 630 vivificantem.
680 592 948 636 compositam
970 601 1023 627 ex
1043 591 1189 637 triplici
1211 591 1441 628 substantia
1462 592 1502 627 et
1520 591 1615 631 vita,
1637 590 1793 627 scilicet
1820 608 1825 645 ς·

114 649 359 695 vegetativa‚
387 650 587 686 sensitiva
614 652 654 687 et
680 651 930 687 intellectiva
941 653 964 687 1.
1014 651 1062 687 Et
1087 661 1161 696 per
1181 651 1458 696 vegetativam
1486 650 1526 686 et
1553 649 1792 686 sensitivam
1819 653 1821 659 '

113 708 210 753 poni
235 708 275 744 in
303 709 443 754 specie
471 710 744 751 materialiter,
771 710 866 756 quia
879 710 1030 753 <sicut>
1042 711 1280 756 vegetativa
1299 711 1477 747 humana
1497 710 1637 755 specie
1659 709 1794 746 differt

113 777 137 803 a
157 767 314 809 brutali,
335 768 394 805 sic
415 770 456 805 et
476 769 676 806 sensitiva
684 778 691 813 ;
714 770 787 806 sed
807 770 1032 806 formaliter
1051 779 1126 816 per
1151 770 1329 806 animam
1355 769 1658 811 intellectivam,
1686 779 1791 814 quae

66 832 94 856 w
113 826 153 862 in
180 837 227 863 se
254 829 391 873 potest
418 828 497 865 dici
522 829 676 865 habere
704 839 872 865 sensum
898 839 973 875 per
999 830 1204 875 quandam
1232 829 1548 869 similitudinem,
1585 828 1689 865 sicut
1723 838 1792 864 an-

112 886 193 932 geli
219 887 408 924 dicuntur
433 889 588 925 habere
616 899 784 925 sensum
811 890 863 925 ab
890 889 1166 936 Augustino
1181 892 1206 925 2.
1242 889 1318 925 Vel
1339 889 1484 925 dicitur
1504 889 1658 924 habere
1681 888 1790 924 vires

113 947 345 989 sensitivas‚
373 948 468 993 quia
494 949 545 984 ad
572 949 734 985 animae
763 948 987 985 sensitivae
1015 949 1362 994 complementum
1388 947 1609 985 ordinatur.

250 1006 298 1042 Et
332 1007 436 1044 haec
473 1008 568 1043 mihi
603 1008 752 1053 positio
791 1008 952 1045 videtur
986 1008 1238 1054 probabilior
1278 1008 1386 1045 inter
1427 1007 1542 1044 alias.
1603 1007 1719 1048 Quod
1757 1006 1791 1043 si

112 1066 277 1102 omnino
305 1067 564 1103 contenderit
589 1067 751 1104 animae
772 1068 881 1104 vires
903 1067 1120 1104 inferiores
1143 1067 1275 1104 creari
1296 1068 1337 1103 et
1356 1067 1524 1107 infundi,
1552 1066 1643 1103 dico
1664 1066 1792 1103 liben-

59 1129 91 1154 15
110 1124 189 1161 tius
215 1126 418 1171 duplicem
446 1136 542 1163 esse
571 1127 610 1162 in
630 1127 795 1163 homine
818 1127 1070 1169 sensitivam,
1096 1137 1220 1163 unam
1240 1127 1359 1172 quasi
1377 1126 1642 1167 materialem,
1669 1126 1790 1163 aliam

111 1185 229 1230 quasi
247 1184 472 1228 formalem,
488 1196 609 1231 quam
628 1186 663 1222 si
676 1188 891 1232 <ponant>‚
911 1186 1119 1223 hominem
1140 1187 1315 1224 dixerim
1335 1186 1564 1232 aequivoce
1586 1186 1788 1231 generari.

248 1244 381 1281 Unam
408 1255 506 1292 ergo
534 1247 658 1283 habet
683 1247 805 1283 homo
832 1247 989 1283 tantum
1014 1246 1203 1283 animam.

699 1342 870 1379 Solutio
898 1342 1197 1379 obiectorum.
1815 1336 1864 1372 D.
1890 1345 1931 1374 a.

250 1426 279 1461 1.
306 1425 367 1461 Ad
396 1425 601 1462 obiectum
629 1426 738 1471 quod
764 1426 862 1462 nihil
890 1427 1008 1462 extra
1033 1435 1165 1472 genus
1192 1425 1308 1471 ponit
1338 1435 1427 1461 rem
1452 1425 1494 1461 in
1514 1434 1682 1471 genere,
1709 1425 1788 1468 <di-

58 1492 91 1516 -ιο
111 1484 326 1526 cendum>:
353 1494 496 1521 verum
517 1486 579 1521 est
605 1485 656 1521 de
683 1485 757 1527 his,
784 1495 891 1530 quae
919 1486 1012 1521 sunt
1039 1494 1167 1530 opera
1187 1486 1360 1521 naturae
1379 1485 1421 1523 in
1441 1484 1531 1521 aliis
1553 1484 1786 1531 generibus,

108 1543 213 1579 sicut
238 1543 374 1580 anima
400 1544 506 1580 asini
532 1554 616 1580 non
643 1546 780 1590 potest
806 1554 963 1590 ponere
991 1545 1154 1581 tertium
1180 1545 1222 1581 in
1249 1544 1402 1590 specie.
1453 1543 1535 1581 Sed
1571 1545 1689 1581 aliter
1725 1546 1788 1581 est

108 1603 159 1639 de
180 1603 372 1647 operibus
395 1604 604 1645 creatoris,
620 1603 715 1649 quia
732 1605 811 1640 hoc
832 1605 896 1640 est
916 1604 1080 1640 cuilibet
1100 1604 1297 1646 naturale,
1314 1605 1422 1650 quod
1443 1604 1594 1649 placuit
1612 1605 1787 1654 creatori

107 1662 278 1698 naturae
305 1662 503 1699 inserere.
542 1663 593 1699 Ut
614 1664 735 1700 docet
756 1663 1078 1710 Augustinus,
1105 1664 1243 1709 Super
1262 1658 1455 1700 Genesim
1478 1664 1518 1700 et
1542 1664 1583 1699 in
1604 1664 1785 1709 pluribus

107 1721 195 1758 aliis
220 1722 323 1759 locis
334 1725 358 1758 3.

54 1787 88 1814 25
245 1782 278 1818 2.
305 1780 339 1818 ἃ
363 1783 395 1818 3.
424 1782 485 1818 Ad
513 1783 592 1818 duo
620 1783 837 1828 sequentia
862 1784 986 1828 patet.

246 1842 277 1877 4.
305 1841 367 1877 Ad
411 1844 599 1887 quartum
634 1843 742 1888 quod
776 1842 909 1879 forma
944 1843 1130 1889 simplex,
1177 1853 1283 1889 quae
1329 1854 1411 1880 non
1456 1844 1665 1888 dependet
1710 1845 1784 1879 etc.

107 1900 324 1937 dicendum
337 1911 421 1937 non
435 1902 573 1946 potest
588 1901 853 1947 multiplicari,
875 1903 1060 1948 quamvis
1083 1903 1192 1939 enim
1212 1914 1295 1939 non
1317 1903 1561 1948 dependeat,
1588 1902 1786 1948 impendit

107 1961 244 1996 tamen
271 1961 573 2006 quodammodo
602 1963 642 1998 et
668 1971 721 1998 ex
747 1963 894 1998 natura
912 1963 1077 2008 propria
1096 1962 1314 1999 inclinatur
1334 1964 1385 2000 ad
1407 1964 1495 2004 hoc,
1522 1963 1565 1998 ut
1583 1962 1635 1998 sit
1655 1962 1786 1999 forma

107 2020 302 2065 corporis.
358 2020 442 2057 Nec
469 2022 532 2057 est
559 2021 690 2058 simile
716 2022 768 2058 de
795 2022 931 2064 radiis,
959 2022 1026 2068 qui
1046 2022 1268 2059 informant
1294 2022 1603 2059 accidentaliter
1628 2023 1784 2058 tantum

53 2085 87 2111 30
107 2080 147 2115 et
173 2089 256 2116 non
281 2079 407 2123 <nisi>
433 2080 473 2116 in
501 2082 684 2118 secundo
713 2091 820 2118 esse.

245 2139 307 2176 Ad
328 2140 533 2176 obiectum
551 2140 592 2179 in
614 2142 862 2178 contrarium
875 2142 1141 2185 <dicendum>
1156 2142 1266 2187 quod
1285 2142 1418 2178 forma
1432 2141 1566 2178 unitur
1586 2141 1783 2177 materiae

106 2198 195 2234 sine
222 2199 332 2235 omni
358 2199 493 2236 medio
521 2200 808 2247 distinguente,
848 2211 931 2237 non
957 2203 1096 2238 tamen
1123 2201 1213 2238 sine
1240 2201 1377 2238 medio
1405 2201 1664 2246 disponente.
1713 2200 1784 2236 Est

105 2259 240 2294 autem
268 2259 482 2304 dispositio
517 2260 682 2305 propria
717 2261 768 2297 ad
803 2261 1096 2297 intellectivam
1134 2261 1260 2297 vitam
1295 2260 1433 2297 anima
1466 2259 1705 2306 vegetativa
1744 2260 1784 2295 et

106 2317 314 2354 sensitiva.
364 2318 482 2355 Unde
509 2319 876 2357 Commentator
901 2321 942 2357 in
977 2321 1038 2357 VI.
1065 2321 1193 2357 Echio.
1222 2330 1309 2366 cap.
1335 2321 1377 2356 2:
1419 2319 1668 2363 „Plantativa
1699 2319 1783 2355 vita

53 2388 86 2413 35
106 2378 146 2412 et
172 2378 372 2414 sensitiva
396 2379 696 2425 coniunguntur
722 2381 885 2426 corpori
910 2382 999 2423 <ut>
1025 2380 1269 2417 medietates
1305 2379 1517 2416 rationalis
1543 2378 1706 2415 animae
1743 2379 1783 2414 et

105 2437 288 2482 corporis
316 2438 718 2481 communicationes,
745 2440 1042 2476 materialiores
1077 2440 1307 2476 existentes
1339 2439 1511 2479 ratione,
1538 2438 1782 2474 immateria-

105 2495 227 2532 liores
246 2498 383 2533 autem
404 2499 549 2534 carne“
562 2501 587 2534 4.
614 2498 837 2535 Rationalis
860 2499 969 2536 enim
989 2499 1126 2535 anima
1152 2500 1192 2535 et
1219 2498 1448 2535 substantia
1475 2498 1515 2533 et
1538 2497 1781 2542 operatione

105 2564 130 2591 a
156 2565 328 2601 corpore
350 2557 535 2602 separari
560 2559 657 2603 apta
683 2560 756 2594 est.
805 2559 925 2604 Ipsae
957 2559 1093 2595 autem
1129 2558 1356 2594 secundum
1392 2558 1512 2593 ambo
1550 2556 1780 2592 existentes

104 2613 413 2660 inseparabiles,
441 2617 529 2653 sola
556 2617 805 2663 cogitatione
833 2618 875 2654 ut
902 2617 1064 2663 species
1093 2617 1348 2662 separantur.

244 2715 283 2747 11
313 2714 529 2757 Augustino]
570 2715 608 2754 4-
638 2714 660 2748 l'
686 2716 727 2749 81
852 2716 891 2749 12
927 2715 1124 2755 ordinatur]
1161 2715 1425 2748 deordinabunt
1546 2714 1587 2746 14
1624 2714 1779 2754 animae]

105 2758 261 2807 onfnium
336 2775 376 2807 16
405 2774 524 2815 quam]
551 2775 720 2815 quoniam
785 2775 1000 2816 aequivoce]
1026 2760 1211 2816 ae⁴quitate
1286 2775 1327 2806 21
1356 2773 1460 2812 sicut}
1487 2774 1552 2806 sed
1626 2773 1668 2805 25
1697 2773 1779 2812 duo]

104 2827 174 2860 tria
294 2828 337 2860 26
380 2828 557 2868 quartum]
593 2829 754 2869 quintum
890 2829 932 2861 27
974 2827 1176 2867 dicendum]
1210 2827 1372 2869 ponitur
1410 2828 1497 2859 ante
1534 2826 1629 2867 quod
1664 2827 1780 2859 forma

105 2881 147 2913 36
174 2880 528 2920 communicationes]
554 2882 915 2914 communicationem
1011 2882 1053 2914 37
1080 2880 1128 2920 etl
1157 2881 1195 2918 -l-
1225 2890 1248 2913 a

243 2962 256 2985 1
283 2964 353 2997 Ct'r.
379 2964 549 3003 Bonav.‚
581 2964 645 3005 Op.
673 2973 772 2997 omn.
798 2964 837 3004 ΙΙ,
865 2965 928 2997 741
946 2965 978 2997 b.

242 3016 257 3038 2
281 3017 345 3058 Ep.
372 3017 414 3050 95
441 3015 548 3057 (allas
575 3015 656 3057 250)
682 3016 753 3069 (Pp
779 3018 834 3057 33,
860 3018 928 3050 355
953 3027 986 3050 n.
1014 3016 1059 3055 8).

242 3069 257 3091 3
283 3070 353 3102 Ct'r.
380 3070 501 3111 Super
527 3070 613 3103 Gen.
642 3070 693 3102 ad
710 3071 776 3103 Lit.
797 3070 836 3110 ΙΙ,
853 3071 912 3110 15;
939 3070 994 3109 VI,
1012 3071 1070 3108 16;
1098 3070 1148 3102 De
1173 3070 1324 3101 Natura
1345 3069 1442 3101 Boni
1462 3069 1596 3101 eontra
1614 3067 1775 3101 Manich-

105 3131 134 3155 ο.
163 3123 203 3156 19
231 3124 265 3156 et
289 3123 382 3155 alibi
407 3123 459 3155 ad
482 3131 645 3156 sensum.
786 3122 801 3144 4
825 3123 957 3156 Locum
983 3132 1055 3156 non
1080 3123 1211 3156 inveni.
