2095 3459
793 190 965 228 Quaestio
993 191 1062 226 Vll.
1746 194 1792 229 79

114 280 154 320 in
181 285 484 321 sensualitate1.
524 284 641 323 Unde
663 286 899 333 Magister
925 290 1046 325 docet
1065 289 1123 326 111.
1144 290 1251 327 Sem.
1274 292 1361 328 dist.
1384 294 1453 328 182
1473 294 1580 338 quod
1600 293 1790 330 voluntas

115 344 179 379 est
204 344 358 389 duplex
385 345 490 380 sicut
516 344 711 382 affectus:
751 348 1028 384 sensualitatis
1057 351 1097 385 et
1122 350 1303 392 rationis,
1344 353 1384 387 et
1409 352 1686 395 Avicenna‚
1733 353 1789 389 VI.

114 402 417 439 Natural‘iumss
443 405 552 449 quod
580 406 900 450 concupiscibile
929 409 968 443 et
994 408 1198 445 irascibile
1226 412 1319 446 sunt
1343 411 1444 446 rami
1470 412 1702 448 voluntatis.

250 462 352 499 Dico
380 472 479 509 ergo
508 464 616 508 quod
645 464 749 500 istae
777 465 886 501 vires
907 468 1001 502 sunt
1021 467 1060 503 in
1081 468 1270 504 rationali
1289 470 1510 512 voluntate,
1538 481 1615 507 nec
1636 472 1791 508 tantum

77 534 94 559 5
113 521 154 557 in
179 522 363 567 appetitu
391 523 588 561 sensibili.
629 524 733 560 sicut
773 534 973 570 expresse
1010 527 1148 563 dicunt
1180 528 1480 572 praedictorum
1506 530 1789 576 theologorum

113 581 327 617 doctorum
354 582 634 618 auctoritates.

253 639 371 681 Quod
398 642 511 686 patet
539 651 591 677 ex
620 642 778 678 duobus
805 644 1039 689 praecipue,
1079 645 1236 682 scilicet
1274 656 1326 682 ex
1365 647 1596 684 differentia
1631 648 1791 685 formali

113 699 367 736 obiectorum
394 701 600 745 appetitus
627 701 850 738 rationalis.
903 702 1103 743 Quoniam
1125 705 1327 741 obiectum
1349 708 1555 752 proprium
1576 708 1790 744 irascibilis

113 759 177 794 est
202 759 414 802 arduum⁴;
443 760 648 796 obiectum
675 761 881 806 proprium
910 763 1241 807 concupiscibilis
1270 766 1332 801 est
1358 766 1476 802 dulce
1501 767 1542 803 et
1561 767 1790 803 iucundum.

63 826 94 853 10
112 817 158 854 Et
186 817 378 854 differunt
406 819 632 855 secundum
658 820 763 856 haec
790 821 870 856 duo
898 821 1067 857 arduum
1102 824 1142 858 et
1176 823 1394 860 iucundum
1430 826 1624 870 quantum
1649 835 1792 862 verum

114 879 154 914 et
181 878 343 914 bonum.
394 878 494 914 Item
522 880 634 923 patet
659 880 829 924 propter
854 881 1070 917 veritatem
1096 882 1346 926 passionum,
1384 894 1489 929 quae
1525 885 1675 920 cadunt
1708 894 1791 921 non

113 937 244 973 solum
272 937 312 972 in
340 946 478 978 sensu,
515 938 588 974 sed
617 938 739 974 etiam
766 939 854 981 <in>
881 940 1161 986 intelligentia,
1199 943 1239 977 ut
1264 944 1376 987 patet
1403 953 1456 979 ex
1482 943 1790 980 auctoritatibus

113 996 371 1042 supradictis.

706 1080 878 1118 Solutio
906 1082 1205 1120 obiectorum.
1816 1090 1869 1127 D.
1890 1099 1930 1127 a.

61 1172 93 1196 15
254 1164 284 1198 1.
314 1162 400 1205 <Ad
426 1163 599 1208 primum
626 1164 845 1201 dicendum
867 1166 999 1210 quod>
1019 1165 1363 1204 Damascenus
1391 1170 1431 1204 et
1457 1168 1791 1214 Philosophus

112 1222 333 1267 loquuntur
359 1222 409 1258 de
436 1222 632 1259 irascibili
659 1224 699 1259 et
716 1224 1049 1269 <concupiscibili
1069 1228 1175 1268 non>
1197 1227 1421 1263 secundum
1442 1228 1550 1273 quod
1569 1228 1793 1273 appetitiva

112 1281 344 1323 arduorum,
384 1282 458 1318 sed
496 1282 721 1318 secundum
757 1284 865 1328 quod
892 1284 1102 1329 repulsiva
1129 1286 1424 1323 contrariorum
1451 1288 1675 1323 secundum
1703 1297 1793 1324 sen-

113 1350 213 1383 sum,
242 1340 469 1377 secundum
497 1342 605 1386 quod
632 1342 692 1378 ira
719 1343 782 1378 est
808 1343 963 1379 vindex
988 1343 1129 1380 laesae
1157 1346 1529 1390 concupiscentiae.

253 1400 284 1435 2.
312 1400 375 1436 Ad
402 1401 629 1436 secundum
657 1401 874 1437 dicendum
902 1403 1010 1447 quod
1048 1403 1088 1439 in
1128 1403 1196 1440 illa
1234 1404 1472 1441 definitione
1509 1415 1593 1450 pax
1629 1406 1791 1442 animae

60 1459 324 1498 mrationalis
353 1460 416 1495 est
443 1459 631 1496 ordinata
656 1460 827 1496 rationis
854 1462 973 1503 actio,
1012 1462 1107 1507 quia
1142 1472 1372 1499 consensus
1407 1464 1448 1500 in
1483 1465 1645 1501 actione
1677 1465 1792 1502 intel-

111 1518 247 1564 ligitur
271 1518 484 1555 rationalis
511 1519 729 1564 appetitus.
781 1518 983 1560 Quoniam
1010 1521 1142 1557 omnis
1169 1523 1284 1558 actus
1316 1523 1530 1565 humanus,
1566 1525 1792 1560 secundum

112 1577 221 1623 quod
260 1578 474 1619 humanus,
513 1578 700 1623 procedit
739 1588 793 1614 ex
830 1579 1013 1624 appetitu
1051 1580 1213 1617 animae
1251 1581 1474 1618 rationalis.
1524 1582 1642 1619 Unde
1679 1584 1792 1628 patet

111 1637 161 1673 ad
189 1636 298 1673 illud.

252 1696 285 1732 3.
312 1695 374 1732 Ad
401 1696 564 1732 tertium
591 1696 858 1739 <dicendum>
885 1698 993 1742 quod
1019 1698 1137 1734 aliter
1164 1700 1227 1734 est
1248 1699 1298 1735 de
1320 1699 1531 1736 intellectu
1553 1702 1593 1737 et
1611 1701 1791 1738 intellec-

59 1768 93 1795 25
112 1754 210 1791 tuali
230 1755 426 1800 appetitu,
453 1755 548 1800 quia
569 1755 747 1801 cognitio
770 1756 833 1792 est
852 1757 986 1792 motus
1006 1758 1058 1793 ad
1078 1757 1266 1794 animam.
1299 1757 1346 1794 Et
1365 1758 1459 1795 ideo
1482 1760 1545 1795 est
1565 1760 1789 1796 secundum

112 1823 237 1850 unum
262 1814 428 1850 modum
453 1814 772 1851 intellectualem
800 1816 841 1851 et
867 1825 941 1860 per
967 1816 1100 1852 lucem
1132 1826 1254 1852 unam
1285 1817 1481 1859 veritatis,
1526 1827 1631 1864 quae
1670 1819 1788 1855 simul

113 1873 177 1909 est
201 1872 329 1909 iudex
353 1873 543 1909 falsitatis
571 1874 814 1910 contrariae.
866 1874 947 1911 Sed
973 1875 1177 1920 appetitus
1206 1877 1269 1911 est
1294 1877 1427 1912 motus
1463 1878 1514 1913 ab
1547 1877 1691 1914 anima
1742 1877 1790 1914 Et

111 1931 206 1968 ideo
234 1933 299 1968 est
324 1932 364 1968 in
390 1933 617 1977 appetitiva
643 1934 869 1969 secundum
894 1934 1097 1970 rationem
1123 1935 1330 1980 propriam
1354 1936 1644 1981 appetibilium,
1682 1947 1789 1982 quae

113 1991 208 2036 quia
233 1990 427 2027 differunt
453 1992 679 2028 secundum
704 2002 836 2038 genus
875 1993 1120 2038 appetibilis,
1158 2003 1335 2031 necesse
1376 1996 1439 2031 est
1476 1995 1640 2032 differre
1678 1996 1788 2032 vires

60 2064 94 2089 30
113 2051 360 2101 appetitivas
388 2051 510 2087 etiam
538 2052 764 2088 secundum
789 2052 992 2088 rationem
1017 2053 1243 2098 <geum-is).
1293 2053 1366 2090 Cui
1398 2054 1520 2090 etiam
1556 2055 1788 2100 exemplum

112 2110 340 2152 attestatur,
368 2111 476 2155 quod
497 2111 623 2147 multa
642 2111 912 2147 vehementer
932 2113 1129 2157 appetunt
1149 2112 1366 2154 hominem,
1393 2123 1499 2158 quae
1518 2115 1655 2150 tamen
1676 2115 1787 2150 solus

112 2169 235 2205 homo
262 2169 428 2215 appetit,
456 2170 524 2215 qui
549 2179 692 2215 parum
719 2170 884 2215 appetit,
911 2171 978 2207 vel
1003 2171 1255 2216 spiritualem
1275 2172 1341 2208 vel
1369 2172 1624 2217 corporalem
1651 2173 1788 2209 iucun-

113 2228 292 2265 ditatem.

255 2352 295 2383 11
324 2351 468 2390 cadunt]
494 2351 643 2384 caderet
764 2352 805 2384 15
831 2351 1094 2391 Damascenus]
1124 2352 1161 2390 -l-
1191 2354 1310 2385 autem
1325 2351 1372 2392 (9)
1494 2353 1534 2385 16
1562 2352 1609 2392 et]
1638 2353 1676 2391 —i—
1705 2354 1787 2386 ideo

114 2404 157 2437 20
185 2403 292 2443 actio]
319 2400 472 2437 actionis
569 2404 611 2436 26
640 2404 746 2444 quae]
775 2405 836 2445 qui
932 2405 973 2437 31
1001 2405 1124 2444 multa]
1151 2406 1250 2438 multi

257 2520 264 2538 ¹
292 2523 607 2556 Bonaventura
633 2521 717 2564 (Op.
745 2532 844 2555 omn.
870 2523 924 2562 III,
952 2524 1017 2556 717
1033 2524 1055 2556 b
1076 2523 1145 2563 (1):
1175 2524 1258 2563 „Est
1278 2525 1413 2565 duplex
1436 2525 1627 2557 irascibilis
1649 2527 1684 2557 et
1703 2533 1787 2557 con-

114 2577 347 2617 cupiscibilis,
374 2577 544 2609 videlicet
568 2577 757 2609 rationalis
785 2577 820 2608 et
845 2577 1048 2609 sensibilis:
1084 2577 1282 2616 rationalis,
1309 2578 1506 2610 secundum
1533 2586 1640 2618 quam
1666 2578 1786 2610 imme-

115 2630 211 2662 diate
237 2629 313 2662 nati
338 2638 462 2661 sumus
486 2629 523 2661 in
548 2629 662 2661 Deum
688 2629 784 2667 ferri,
823 2630 859 2661 et
893 2629 929 2661 in
968 2638 1040 2669 qua
1064 2630 1367 2663 communicamus
1394 2639 1473 2663 cum
1500 2631 1651 2672 angelisz,
1690 2632 1726 2663 et
1750 2630 1786 2663 in

116 2691 188 2723 qua
214 2683 411 2715 secundum
438 2682 604 2714 diversas
631 2682 923 2722 comparationes
948 2682 1058 2714 habet
1082 2683 1211 2722 reponi
1236 2683 1442 2724 theologica
1467 2683 1580 2716 virtus
1612 2684 1647 2715 et
1671 2683 1786 2716 cardi-

114 2736 219 2768 nalis.
269 2735 353 2768 Alia
376 2743 465 2768 vero
493 2736 549 2768 est
574 2735 766 2768 irascibilis
803 2736 838 2766 et
873 2735 1166 2775 concupiscibilis
1201 2736 1395 2773 sensibilis.
1434 2745 1528 2776 quae
1562 2736 1786 2768 solummodo

116 2788 244 2821 dicitur
267 2788 466 2827 rationalis,
494 2788 579 2828 quia
604 2788 832 2828 obtemperat
855 2786 1017 2820 rationi.“

254 2839 270 2862 2
294 2841 383 2873 Dist.
412 2842 453 2874 17
480 2850 510 2874 c.
537 2842 556 2874 2
584 2839 767 2880 (Bonam,
797 2840 862 2881 Op.
890 2848 988 2873 omn.
1015 2840 1069 2879 ΙΙΙ,
1097 2839 1189 2880 361).

254 2892 269 2914 3
293 2893 350 2933 IV,
378 2893 408 2926 4.
552 2892 567 2915 4
592 2893 663 2927 Cir.
689 2893 860 2931 Bonav.‚
890 2893 956 2933 Op.
983 2901 1082 2925 omn.
1108 2893 1162 2932 III,
1190 2894 1291 2926 577b
1311 2892 1373 2932 (1).
