2095 3459
331 204 353 241 6
848 209 869 241 J
873 209 1026 241 ohannis
1052 210 1219 242 Pechami
1247 211 1497 247 Quaestiones.

333 302 454 339 flatus
478 313 555 349 ego
578 304 759 340 taciam“.
799 304 918 341 Unde
947 306 1041 342 dicit
1068 306 1107 341 in
1137 306 1330 351 Epistuta
1357 308 1414 343 ad
1435 308 1681 352 Optatuml:
1711 307 1820 352 „Non
1847 310 2010 355 inquam

332 363 652 407 unumquodque
679 363 830 399 factum
858 374 911 400 ex
937 366 1047 400 terra
1073 366 1226 401 homini
1253 367 1417 411 proprio
1438 367 1662 412 inspiravit,
1690 368 1723 403 si
1745 368 1853 404 enim
1872 368 2011 405 flatum

332 422 421 466 ipse
448 421 555 463 fecit,
584 422 794 466 quaeritur
820 424 922 465 tum}
950 424 1082 460 utrum
1110 434 1273 461 omnem
1299 425 1439 461 flatum
1466 425 1610 462 iecerit
1637 436 1690 462 ex
1710 427 1778 463 illo
1799 437 1880 464 uno
1902 427 2012 470 flatu,

334 490 424 516 cum
452 490 573 516 omne
602 490 751 525 corpus
779 482 933 518 homini
960 493 1013 519 ex
1040 493 1121 519 uno
1150 493 1323 528 corpore
1350 484 1417 520 illo
1452 485 1585 525 faciat,
1624 495 1675 521 an
1717 496 1815 523 vero
1855 497 1909 524 ex
1944 488 2010 525 illo

332 545 414 575 uno
437 549 610 584 corpore
632 539 754 576 faciat
775 551 884 577 nova
905 551 1091 587 corpora,
1113 553 1243 578 novas
1265 545 1402 579 autem
1422 544 1579 580 animas
1596 554 1649 580 ex
1664 545 1821 581 nihilo.“
1850 546 2011 583 Modum
2030 559 2046 584 5

332 599 469 633 autem
508 608 588 643 quo
628 599 724 636 illud
764 602 907 644 posset
945 601 1053 645 poni,
1093 602 1238 638 dicitur
1273 603 1318 638 tn
1354 603 1496 639 eadem
1535 604 1762 648 epistula2:
1804 605 2011 648 „Quonam

334 657 467 697 modo,
495 657 635 702 inquit,
666 659 836 695 lucerna
863 660 914 695 de
941 660 1111 696 lucerna
1137 661 1386 697 accendatur
1414 664 1454 697 et
1481 662 1570 699 sine
1598 663 1841 700 detrimento
1869 665 2013 702 altera-

332 716 454 751 tionis
482 716 578 752 inde
604 717 710 763 ignis
739 718 882 759 exiret,
911 719 970 754 sic
996 719 1132 755 anima
1158 721 1209 756 de
1236 721 1372 756 anima
1397 722 1580 765 parentis
1607 722 1679 758 fiat
1703 722 1744 758 in
1764 724 1879 768 prole
1907 725 1947 760 et
1972 725 2011 761 in

333 775 491 819 prolem
518 776 787 812 traducatur.‘
838 777 1048 822 Nusquam
1075 779 1327 824 Augustinus
1355 780 1474 826 igitur
1500 781 1706 817 invenitur
1741 782 1791 818 de
1830 783 1906 819 hac
1932 793 2012 820 ma-

302 833 437 869 teria
450 833 660 873 definisse
678 845 768 871 cum
784 846 875 872 eam
896 838 947 873 ad
969 838 1217 882 positionem
1232 839 1360 885 magis
1376 841 1604 884 reperiatur
1619 841 1866 878 declarasse.
1894 842 2011 880 Unde
2033 851 2064 877 ιο

302 862 306 947 J
334 892 429 928 dicit
463 892 504 928 in
542 893 730 938 Epistola
760 889 897 931 XXIV.
926 897 983 932 ad
1010 897 1362 942 Hterongsmamss:
1403 899 1511 942 „Hoc
1537 901 1697 942 <certe>
1724 901 1864 943 sentis,
1904 902 2012 947 quod

303 950 516 996 singulas
544 953 702 989 animas
731 955 853 990 etiam
880 957 1002 992 modo
1030 956 1141 992 Deus
1169 956 1301 993 faciat.
1352 957 1468 999 Ecce,
1508 959 1601 995 volo
1635 961 1677 995 ut
1702 960 1781 996 ista
1807 962 2013 998 sententia

320 1017 428 1046 *mea
455 1012 516 1052 sit⁷
545 1013 619 1048 sed
646 1014 828 1049 nondum
856 1024 952 1051 esse
975 1015 1207 1052 confirmo.“
1248 1016 1402 1053 Placuit
1422 1020 1559 1054 autem
1580 1019 1878 1065 Augustino
1907 1031 2012 1057 com-

333 1070 466 1106 munis
494 1071 655 1115 positio,
693 1072 788 1109 dum
814 1075 1041 1110 communis
1068 1076 1259 1112 teneatur
1284 1076 1389 1113 fides
1416 1077 1722 1122 redemptionis.
1774 1079 1890 1116 Unde
1918 1080 2013 1117 dicit

333 1130 517 1165 secundo
544 1130 909 1169 Retractattonum
937 1143 1023 1179 cap.
1050 1136 1138 1170 454:
1179 1134 1278 1178 „Qui
1304 1136 1412 1181 legit,
1438 1139 1640 1179 amoveat,
1677 1140 1746 1174 aut
1781 1149 1863 1175 non
1890 1150 2012 1185 quae·
2033 1146 2062 1172 15

333 1189 445 1224 retur
481 1190 659 1231 omnino,
709 1193 914 1236 quomodo
954 1193 1071 1229 datur
1109 1194 1245 1230 anima
1282 1195 1559 1237 nascentibus,
1599 1198 1668 1233 aut
1707 1198 1854 1234 solutio
1894 1200 2010 1236 huius

334 1248 589 1292 quaestionis
616 1250 862 1292 admittetur,
891 1262 995 1296 quae
1018 1253 1223 1289 contraria
1244 1264 1326 1290 non
1349 1255 1399 1290 sit
1420 1264 1444 1290 a
1464 1256 1721 1300 peritissimis
1747 1258 1882 1297 rebus,
1911 1268 2011 1304 quas
2056 1295 2057 1298 ,

334 1306 384 1342 de
413 1308 600 1353 originali
626 1311 798 1354 peccato
825 1310 930 1347 fides
959 1312 1160 1348 catholica
1187 1304 1310 1354 novit⁷
1356 1314 1433 1350 nisi
1459 1317 1759 1360 regenerentur
1785 1317 1825 1352 in
1852 1316 2011 1355 Christo

334 1367 423 1403 sine
464 1367 716 1404 dubitatione
757 1370 1010 1406 damnandi.‘⁴
1072 1371 1183 1408 Haec
1222 1372 1562 1418 Augustinus.
1626 1375 1684 1411 De
1723 1376 1858 1412 anima
1896 1377 2012 1422 primi

334 1427 516 1471 parentis
556 1427 819 1465 infallibiliter
858 1431 1051 1475 supponit
1090 1440 1180 1467 eam
1220 1441 1273 1468 ex
1312 1433 1435 1468 nihilo
1474 1433 1602 1470 fuisse
1643 1436 1833 1471 creatam.
1894 1437 2010 1474 Unde
2031 1441 2062 1467 20

332 1485 489 1521 Contra
516 1487 818 1524 Adversartum
849 1490 967 1534 Leyis
993 1492 1029 1526 et
1055 1490 1364 1535 Prophetarum
1390 1492 1454 1528 lib.
1479 1493 1635 1537 primo5
1661 1493 1774 1530 dicit:
1804 1495 2011 1538 „Animam
2049 1543 2052 1547 ἡ

334 1554 417 1580 non
444 1547 603 1590 partem
630 1555 724 1583 esse
753 1548 838 1589 Dei,
875 1558 953 1584 nec
981 1550 1031 1585 de
1059 1551 1289 1586 substantia
1316 1552 1403 1587 eius
1432 1554 1472 1588 et
1498 1554 1644 1588 natura
1671 1555 1862 1596 creatam,
1889 1556 2011 1598 <sed>

335 1613 387 1639 ex
414 1604 538 1640 nihilo
566 1605 715 1642 factam
743 1608 928 1644 dubItare
956 1608 1017 1644 ias
1045 1619 1128 1645 non
1156 1612 1251 1646 est.“
1698 1650 1700 1653 ,

474 1664 553 1699 Alii
578 1667 715 1701 autem
742 1668 983 1709 auctore<s>
1010 1670 1152 1712 aperte
1180 1670 1231 1705 de
1259 1670 1335 1706 hac
1356 1671 1560 1715 positione
1583 1672 1842 1709 definierunt.
1894 1674 2009 1712 Unde

336 1716 394 1758 De
422 1723 718 1760 Ecclesiasttcis
746 1726 1026 1770 Doymanbus
1053 1737 1138 1773 cap.
1167 1730 1256 1764 13⁶:
1297 1729 1498 1775 „Dicimus
1539 1740 1686 1775 corpus
1722 1741 1796 1776 per
1835 1733 2011 1779 coniugii
2029 1740 2061 1767 25

335 1782 523 1826 copulam
551 1784 745 1820 seminari
771 1795 820 1821 ac
845 1785 1020 1822 formato
1048 1787 1128 1823 iam
1156 1797 1329 1833 corpore
1356 1789 1533 1825 animam
1572 1791 1706 1826 creari
1743 1792 1782 1827 et
1820 1792 2008 1829 infundi.“

332 1839 379 1875 Et
405 1840 781 1887 Hieronymus,
809 1845 1006 1889 Epistula
1034 1847 1122 1882 247:
1162 1846 1259 1890 „Qui
1286 1848 1443 1884 animas
1473 1859 1526 1885 ex
1552 1859 1634 1885 una
1660 1851 1841 1893 <anima>
1868 1861 2012 1897 propa-

332 1899 419 1945 gari
445 1901 596 1937 asserit
622 1903 663 1938 et
688 1913 771 1939 non
798 1903 839 1939 in
867 1914 1043 1949 corpora
1067 1905 1182 1942 iuxta
1209 1908 1442 1952 exemplum
1474 1908 1591 1953 primi
1629 1910 1803 1946 hominis
1831 1911 2010 1956 quotidie

332 1959 500 2000 infundi,
527 1962 748 1997 anathema
774 1963 858 1998 sit.“

474 2018 693 2056 Sciendum
725 2021 845 2067 igitur
884 2024 991 2068 quod
1032 2024 1140 2060 circa
1179 2025 1376 2071 originem
1412 2027 1637 2063 animarum
1672 2028 1824 2065 diversi
1849 2029 2011 2066 fuerunt
2029 2042 2065 2068 30'

334 2087 509 2114 errores.

473 2136 645 2178 Quidam
674 2140 782 2175 enim
809 2141 1003 2179 dicebant
1030 2142 1080 2178 de
1108 2144 1338 2179 substantia
1364 2144 1502 2181 divina
1528 2146 1658 2182 creari
1669 2148 1693 2186 8,
1730 2147 1824 2191 quia
1856 2147 2009 2188 dicitur,

333 2195 429 2232 Gen.
457 2196 490 2231 ΙΙ
516 2196 589 2242 (7):
631 2198 870 2244 ⁷‚Inspiravit
896 2200 937 2236 in
962 2201 1111 2237 faciem
1139 2202 1226 2238 eius
1255 2203 1500 2247 spiraculum
1527 2204 1670 2241 vitae“.
1722 2204 1838 2246 Quod
1866 2207 2010 2252 impro-

332 2256 450 2292 batur
477 2257 572 2301 quia
598 2258 737 2294 divina
776 2260 1006 2296 substantia
1043 2261 1314 2298 immutabilis.
1366 2262 1464 2298 Item
1505 2263 1643 2300 divina
1681 2266 1910 2302 substantia
1948 2268 2010 2302 est

333 2314 510 2359 simplex
537 2318 578 2352 et
603 2317 887 2362 incomposita,
914 2321 1002 2361 <et>
1029 2330 1112 2356 non
1139 2321 1275 2365 potest
1302 2331 1396 2357 esse
1423 2321 1554 2358 forma
1578 2324 1713 2359 rebus.
2027 2335 2059 2361 35

474 2374 551 2410 Alii
578 2375 780 2418 dixerunt,
810 2387 902 2413 eam
929 2378 979 2414 de
1007 2379 1247 2424 corporibus
1275 2381 1442 2422 traduci,
1482 2381 1538 2417 ita
1564 2382 1673 2427 quod
1700 2384 1822 2419 etiam
1848 2385 2008 2421 animae
2061 2378 2063 2381 ’

474 2479 493 2511 3
520 2479 608 2518 tum}
636 2480 810 2520 causa(“?)
844 2481 984 2521 cumC’)
1109 2484 1148 2516 10
1182 2483 1276 2522 eam]
1309 2494 1388 2516 eum
1511 2486 1552 2518 15
1586 2487 1766 2526 amoveat]
1800 2490 2010 2522 amoneatur

336 2532 376 2564 16
404 2531 550 2572 solutio]
577 2534 792 2567 solutionem
917 2537 957 2568 19
986 2537 1192 2576 damnandi]
1231 2538 1406 2578 dampnos
1434 2539 1673 2579 dampnandis
1794 2542 1833 2574 21
1863 2541 1937 2581 lib.]
1965 2535 2009 2574 ul'

334 2586 375 2618 26
398 2586 433 2617 et
453 2586 604 2625 infundi]
623 2587 659 2623 -ξ-
679 2589 714 2619 et
733 2588 871 2621 infundi
945 2590 986 2622 28
1010 2589 1230 2631 exemplum]
1252 2592 1386 2631 exepla
1459 2592 1500 2625 29
1522 2589 1670 2634 infundi]
1694 2594 1732 2626 fit
1806 2595 1847 2627 32
1869 2594 2008 2635 dicitur]

334 2647 445 2678 super
541 2639 584 2671 34
613 2639 711 2680 quia]
739 2642 835 2681 quod

474 2749 485 2771 ¹
511 2751 577 2792 Ep.
608 2753 672 2785 190
699 2751 806 2792 (alias
835 2754 926 2794 157),
954 2755 983 2786 V
1010 2751 1082 2797 (PL
1109 2756 1161 2790 33,
1190 2756 1254 2789 862
1282 2766 1315 2789 n.
1345 2757 1412 2797 16).

472 2802 487 2825 2
513 2804 665 2838 Ibidem.
809 2806 823 2828 3
849 2807 913 2848 Ep.
943 2808 1019 2847 166,
1049 2809 1066 2840 4
1094 2807 1165 2848 (PL
1191 2810 1244 2847 33,
1273 2810 1338 2842 724
1366 2820 1398 2843 n.
1428 2811 1471 2849 8).

472 2856 486 2878 4
512 2858 568 2889 PL
594 2858 647 2896 32,
677 2860 760 2894 649;
789 2861 851 2893 cir.
879 2861 931 2893 De
960 2861 1047 2894 Gen.
1076 2862 1126 2894 ad
1151 2863 1216 2894 Lit.
1243 2863 1282 2901 X,
1313 2864 1353 2896 18
1380 2862 1451 2903 (PL
1479 2864 1531 2903 34,
1560 2866 1625 2897 385
1656 2875 1687 2898 n.
1716 2866 1774 2906 32)
1801 2876 1904 2908 seqq.

472 2908 487 2931 5
512 2910 535 2948 Ι,
566 2912 606 2943 15
634 2910 704 2950 (PL
732 2913 785 2951 42,
813 2914 879 2945 615
905 2923 938 2946 n.
967 2914 1036 2954 22).
1180 2913 1194 2936 0
1220 2916 1296 2947 XIV
1323 2915 1392 2955 (PL
1420 2918 1472 2956 58,
1501 2914 1593 2960 984).

473 2961 487 2983 7
513 2963 628 2996 Locus
655 2965 786 2997 citatus
812 2975 885 2998 non
911 2968 1092 3007 reperitur
1118 2968 1153 2999 in
1180 2969 1344 3008 epistolis
1381 2970 1640 3010 Hieronymi
1676 2972 1720 3004 ad
1757 2972 2005 3014 Augustinum.

333 3014 403 3047 Cfr.
431 3015 750 3050 Montefortino
777 3018 829 3057 ΙΙΙ,
859 3019 947 3052 1033
975 3018 1099 3059 (nota).

473 3068 486 3087 ⁸
513 3069 568 3101 PL
595 3070 648 3108 22,
678 3071 766 3103 1085
794 3070 874 3112 (Ep.
902 3072 1165 3112 Hieronymi
1194 3074 1267 3113 126,
1298 3074 1348 3113 1);
1376 3076 1430 3107 PL
1456 3076 1509 3114 23,
1538 3078 1614 3109 371.
