2095 3459
166 2406 207 2442 C.

234 2406 300 2443 XI.

332 195 395 228 wo
839 196 1015 229 ‹Johannis
1042 196 1208 230 Pechami
1235 195 1486 234 Quaestiones.

470 292 522 327 10.
549 292 647 328 Item
673 292 713 328 in
742 293 849 328 statu
874 293 1136 329 innocentiae
1164 303 1311 339 corpus
1337 294 1455 339 primi
1480 293 1655 331 hominis
1691 304 1774 331 non
1810 294 1883 331 fuit
1915 305 1997 331 sar-

329 351 446 386 cinae
473 351 551 395 ipsi
575 351 748 387 animae.
797 351 845 387 Et
869 353 1007 388 tamen
1034 352 1184 389 ibidem
1211 353 1353 389 videre
1378 363 1461 390 non
1487 353 1617 398 potuit
1642 353 1720 389 nisi
1743 353 1922 389 alienata
1946 355 1997 389 ab

329 410 420 444 actu
447 410 663 446 sentiendi.
712 410 817 456 Ergo
855 412 1001 447 eadem
1035 412 1194 448 ratione
1229 422 1308 448 nec
1341 412 1491 457 poterit
1524 412 1564 447 in
1601 421 1774 457 corpore
1807 412 1997 457 glorioso.

328 467 374 503 Et
401 468 455 504 ita
482 469 629 505 clarius
656 469 811 506 videbit
836 471 1030 515 separata
1056 480 1177 515 quam
1204 471 1430 507 coniuncta.

446 527 658 563 Resolutio
677 530 713 563 et
733 529 889 564 solutio
911 529 1166 565 obiectorum
1184 531 1392 565 habentur
1408 539 1448 574 p.
1464 530 1599 571 100,30
1611 539 1695 574 sqq.
1711 532 1746 565 et
1765 530 1840 570 102,
1853 531 1899 566 37
1913 539 1996 574 sqq.
2017 538 2033 560 :·›

932 754 1241 816 Quaestio
1280 755 1405 807 XII.

363 863 469 903 Item
509 864 739 914 supposito
780 864 898 914 quod
937 864 992 904 sit
1029 864 1089 904 ibi
1125 865 1502 915 impedimentum,
1542 873 1732 914 quaero:
1772 864 1859 904 Aut
1897 865 1964 904 est

520 935 763 974 maximum
796 935 1158 985 impedimentum
1191 935 1441 975 intellectus
1473 937 1550 975 aut
1581 934 1806 975 affectus?

810 1024 862 1060 Et
889 1024 1142 1060 ostenditur
1168 1024 1290 1069 quod
1319 1024 1522 1061 affectus.

465 1107 495 1141 1.
524 1105 628 1146 Quia
654 1116 776 1142 omne
802 1108 970 1151 propter
1005 1108 1113 1151 quod
1149 1107 1331 1149 alterum,
1366 1107 1461 1143 illud
1497 1106 1626 1152 magis
1661 1107 1777 1142 tale1.
1829 1106 1908 1142 Sed
1944 1106 2000 1142 in·
2021 1119 2052 1142 lo

328 1165 515 1200 tellectus
543 1175 625 1201 non
654 1165 917 1210 impedit<ur>
943 1165 1022 1201 nisi
1047 1167 1214 1210 propter
1239 1165 1431 1202 affectum
1463 1166 1529 1201 vel
1564 1166 1730 1210 propter
1765 1165 1998 1210 appetitum,

329 1223 397 1268 qui
424 1225 487 1259 est
512 1224 551 1259 in
579 1226 694 1268 parte
721 1224 983 1261 intellectiva.
1033 1224 1138 1270 Ergo
1159 1224 1289 1271 magis
1308 1224 1525 1269 impeditur
1543 1224 1633 1269 ipse
1654 1224 1857 1269 appetitus
1879 1234 1996 1268 quam

328 1282 572 1318 intellectus.

468 1342 499 1376 2.
526 1341 626 1377 Item
662 1343 826 1386 quando
862 1342 998 1387 aliqua
1034 1342 1112 1379 duo
1148 1342 1421 1387 impediuntur
1457 1351 1511 1378 ex
1549 1342 1694 1378 eadem
1734 1351 1869 1383 causa,
1908 1342 1998 1386 plus

327 1400 544 1445 impeditur
570 1401 678 1445 quod
707 1402 771 1437 est
796 1401 1064 1446 propinquius
1092 1410 1243 1438 causae
1269 1401 1517 1446 impedienti.
1569 1400 1649 1437 Sed
1682 1402 1815 1436 motus
1847 1400 1998 1437 amoris
2022 1411 2052 1436 15

327 1459 494 1495 similior
521 1461 584 1495 est
604 1460 668 1495 vel
692 1461 837 1496 natura
856 1460 1122 1505 propinquior
1143 1460 1359 1498 desiderio,
1387 1470 1466 1505 quo
1487 1460 1623 1496 anima
1642 1460 1771 1496 tendit
1790 1459 1830 1495 in
1851 1469 1998 1504 corpus

328 1528 455 1558 suum,
484 1528 602 1563 quam
633 1521 764 1554 motus
794 1519 1051 1565 cognitionis.
1102 1519 1206 1565 Ergo
1235 1520 1309 1555 etc.

1079 1601 1258 1638 Contra.

468 1674 498 1707 1.
525 1672 671 1708 Anima
696 1672 852 1717 appetit
879 1672 1041 1717 corpori
1065 1672 1170 1708 uniri
1196 1682 1249 1708 ex
1275 1671 1463 1708 nobiliori
1489 1672 1597 1717 quod
1624 1673 1687 1708 est
1711 1671 1753 1707 in
1779 1672 1878 1716 ipsa,
1905 1671 1999 1716 quia

329 1731 415 1767 eius
452 1731 687 1768 differentia
723 1730 920 1776 specifica
955 1732 1018 1767 est
1052 1731 1268 1767 unibilitas.
1319 1730 1499 1767 Nobilius
1537 1732 1684 1773 autem,
1723 1731 1831 1776 quod
1870 1730 1920 1766 sit
1958 1731 1997 1766 in
2017 1739 2051 1765 20

327 1789 472 1830 anima,
510 1791 574 1826 est
599 1790 840 1826 intellectus.
892 1790 1010 1826 Unde
1046 1789 1374 1836 Augustinus,
1418 1790 1453 1825 V.
1480 1790 1539 1825 De
1570 1790 1677 1825 Trin.
1712 1799 1797 1834 cap.
1825 1790 1881 1826 22.
1934 1789 1997 1833 „In

329 1850 468 1885 nostra
494 1850 639 1885 natura
666 1849 762 1884 nihil
789 1849 935 1885 melius
970 1849 1201 1884 invenimus
1239 1849 1380 1885 nostro
1419 1848 1659 1884 intellectu.“
1710 1848 1814 1894 Ergo
1855 1849 1889 1884 si
1926 1858 1999 1893 per

327 1908 550 1952 appetitum
578 1908 762 1953 corporis
789 1908 1017 1952 impeditur,
1044 1908 1122 1944 hoc
1149 1907 1224 1943 erIt
1249 1907 1469 1952 praecipue
1494 1908 1720 1943 secundum
1738 1907 1998 1943 intellectum.

464 1968 496 2002 2.
523 1967 623 2003 Item
660 1967 957 2003 contrariorum
993 1967 1223 2003 contrariae
1260 1967 1548 2002 suntcausae.
1600 1966 1681 2002 Sed
1719 1967 1896 2013 cognitio
1936 1968 1998 2003 est

327 2036 453 2062 causa
475 2026 719 2062 elevationis
739 2025 924 2062 affectus.
956 2025 1060 2071 Ergo
1081 2025 1312 2071 ignorantia
1332 2026 1398 2061 vel
1417 2026 1549 2061 minor
1570 2025 1745 2062 elevatio
1766 2026 1996 2062 intellectus
2016 2039 2050 2064 25

328 2085 402 2120 erit
429 2095 555 2121 causa
581 2085 748 2121 minoris
772 2085 1014 2121 elevationis
1036 2084 1221 2121 affectus.
1268 2084 1347 2121 Sed
1367 2086 1532 2129 propter
1559 2084 1668 2129 quod
1693 2085 1875 2125 alterum,
1903 2084 1996 2120 illud

327 2144 455 2189 magis
482 2145 562 2180 tale
574 2147 598 2179 3.
648 2144 753 2190 Ergo
781 2145 856 2180 etc.

465 2204 497 2239 3.
524 2203 623 2239 Item
641 2203 778 2239 anima
799 2203 1006 2239 existente
1026 2203 1067 2238 in
1088 2212 1260 2248 corpore
1284 2202 1373 2247 plus
1393 2202 1608 2247 impeditur
1627 2202 1857 2238 intellectus
1877 2212 1996 2247 quam

327 2262 510 2303 aflectus,
539 2262 634 2307 quia
658 2262 764 2298 fides
792 2264 856 2298 est
881 2261 1160 2307 imperfectior
1186 2262 1353 2298 caritate
1365 2265 1389 2296 ⁴.
1439 2261 1543 2307 Ergo
1577 2261 1825 2297 desiderium
1852 2262 1996 2297 eadem

326 2321 486 2357 ratione
512 2322 602 2366 plus
629 2321 825 2366 impediet
850 2321 1101 2357 intellectum
1128 2330 1249 2365 quam
1274 2319 1475 2356 affectum.
2017 2332 2051 2357 30

630 2403 886 2448 Responsio
913 2403 998 2445 <ad
1025 2403 1342 2447 quaestionem
1371 2403 1697 2444 undecimam).

467 2474 527 2510 Ad
555 2474 725 2518 primam
753 2474 1036 2517 quaestionem
1067 2473 1282 2509 dicendum
1310 2473 1418 2518 quod
1444 2473 1580 2509 anima
1606 2483 1660 2509 ex
1693 2472 1876 2518 appetitu
1913 2481 1997 2508 cor—

326 2533 435 2577 poris
461 2534 693 2569 retardatur
720 2533 758 2568 in
787 2533 945 2568 actibus
973 2533 1138 2578 gloriae.
1184 2531 1265 2568 Sed
1285 2542 1375 2568 cum
1396 2532 1603 2568 beatitudo
1626 2532 1825 2568 consistat
1843 2532 1885 2567 in
1904 2533 1996 2567 actu

325 2591 521 2636 perfeeto,
559 2593 813 2636 procedente
853 2601 906 2627 ex
944 2592 1083 2627 habitu
1121 2591 1322 2636 perfecto,
1359 2592 1475 2627 actus
1512 2592 1649 2627 autem
1688 2591 1751 2627 est
1787 2590 1996 2635 potentiae

327 2651 522 2687 naturalis
542 2651 673 2696 gratia
692 2651 892 2689 elevatae,
912 2651 1019 2695 quod
1041 2650 1161 2695 igitur
1181 2651 1296 2686 actus
1315 2649 1577 2686 beatitudinis
1598 2649 1638 2685 in
1659 2649 1735 2685 illis
1757 2649 1995 2690 retardetur,
2015 2660 2048 2685 :15

465 2749 484 2781 9
512 2748 595 2787 Sed]
623 2749 708 2789 quia
791 2748 833 2780 10
859 2748 930 2786 vel]
959 2749 1043 2788 quia
1117 2749 1158 2780 15
1184 2747 1315 2786 animal
1342 2748 1462 2780 omnia
1533 2748 1575 2780 24
1603 2746 1769 2786 affectus]
1795 2747 1996 2780 intellectus

467 2843 478 2865 1
507 2843 618 2876 Anal.
645 2843 742 2875 Post.
770 2843 791 2882 Ι,
820 2843 850 2875 2.

464 2895 478 2917 2
504 2896 555 2928 Ibi
580 2896 697 2928 locum
722 2904 794 2928 non
821 2896 952 2928 inveni.
1004 2894 1074 2928 Sed
1105 2896 1167 2928 cir.
1204 2895 1256 2928 De
1280 2895 1354 2928 Lib.
1381 2895 1467 2927 Arb.
1494 2895 1516 2933 Ι,
1546 2895 1561 2926 1
1597 2893 1667 2934 (PL
1692 2894 1746 2933 32,
1776 2894 1862 2926 1223
1890 2903 1922 2927 n.
1950 2893 1995 2933 3).

328 2949 456 2984 ..Istam
482 2947 789 2989 (intelligentiam)
816 2949 925 2989 plane
951 2949 1001 2980 ita
1026 2949 1156 2981 bonam
1182 2949 1279 2989 puto,
1318 2949 1355 2979 ut
1389 2956 1459 2980 non
1492 2947 1646 2987 videam,
1685 2947 1766 2987 quid
1796 2948 1827 2979 in
1855 2948 1996 2980 homine

328 3002 442 3040 possit
468 3010 551 3034 esse
577 3000 857 3042 praestantius.“

465 3054 480 3074 3
507 3054 598 3086 Vide
626 3063 738 3094 supra
766 3055 837 3087 not.
867 3055 895 3086 1.
1038 3054 1049 3074 ⁴
1079 3053 1148 3086 Cir.
1180 3054 1202 3086 I.
1233 3053 1312 3086 Cor.
1340 3053 1391 3091 13,
1420 3052 1472 3085 13.
