2095 3459
305 178 348 213 28
813 178 989 211 dohannis
1016 179 1183 211 Pechami
1209 179 1460 216 Quaestiones.

307 278 347 313 et
373 276 510 312 omnia
536 275 768 311 huiusmodi
794 276 869 311 sub
895 275 1062 311 nomine
1089 275 1290 320 privativo
1318 275 1457 312 dicunt
1481 276 1718 321 potentiam,
1746 278 1787 313 et
1807 279 1976 314 econtra

306 334 496 380 opposita
522 343 663 370 eorum
690 335 765 370 sub
785 334 951 370 nomine
971 334 1149 379 positivo
1170 334 1452 379 privationem,
1480 335 1583 371 sicut
1605 336 1787 377 mortale,
1815 346 1976 382 corrup-

305 394 427 430 tibile.
479 393 596 434 Quod
623 402 721 439 ergo
749 393 845 429 dicit
871 394 978 438 quod
1005 393 1191 438 potentia
1218 394 1258 429 et
1283 393 1455 438 privatio
1483 394 1601 435 idem,
1628 395 1804 440 loquitur
1829 396 1880 431 de
1906 406 1976 441 po-

305 452 435 489 tentia
459 450 630 497 physice
657 452 724 488 vel
751 450 883 487 minus
911 452 1086 497 proprie.
1135 451 1183 488 Et
1218 453 1326 497 quod
1361 453 1439 489 hoc
1475 453 1526 488 sit
1560 463 1704 489 verum
1730 455 1974 497 <concedo>.

444 511 563 547 Unde
590 511 852 547 Avicenna
878 510 940 546 IV.
972 511 1282 556 Mecaphysicae
1318 521 1404 556 cap.
1432 512 1483 547 de
1511 512 1719 557 potentia1
1747 513 1841 549 dicit
1867 513 1976 558 quod
1996 514 2012 540 5

306 570 490 616 potentia
515 570 644 615 primo
673 570 779 606 dicta
806 571 869 605 est
894 570 934 605 in
961 570 1203 606 animalibus
1224 570 1363 612 virtus,
1392 580 1445 606 ex
1465 580 1545 616 qua
1564 573 1738 616 possunt
1758 572 1976 616 provenire

99 639 162 672 rol.
187 639 287 671 37vb
307 630 493 668 actiones
519 629 691 671 validae,
719 630 901 665 secundo
935 629 1149 674 dispositio
1177 629 1412 665 difficillima
1430 632 1443 672 [1
1460 630 1643 675 patiendi
1667 652 1713 656 —
1733 631 1837 667 haec
1869 632 1977 678 enim

307 690 370 725 est
383 688 622 725 necessaria
635 689 856 733 potentiae,
869 688 1061 733 quoniam
1072 689 1342 725 vehementer
1356 689 1554 734 patientia
1568 699 1651 726 non
1667 691 1773 726 bene
1788 692 1978 736 agunt,—

306 747 424 784 tertio
452 747 665 792 dispositio
693 757 799 792 quae
820 757 903 783 non
924 747 1073 792 patitur
1093 747 1172 784 nisi
1192 757 1345 793 parum,
1373 748 1559 793 quamvis
1580 748 1678 784 nihil
1699 750 1805 795 agat,
1832 751 1975 794 quarto

306 816 373 843 res
401 816 506 851 quae
533 816 616 842 non
641 806 847 851 patiuntur
873 806 953 842 ullo
980 807 1114 848 modo,
1154 807 1293 851 quinto
1320 807 1514 843 fortitudo
1548 807 1649 852 ipsa,
1676 818 1782 852 quae
1811 809 1874 844 est
1900 808 1977 845 dis·
1997 807 2029 833 10

309 865 456 910 positio
483 865 680 907 animalis,
716 866 836 901 sexto
863 865 1094 910 philosophi
1126 866 1421 902 transtulerunt
1446 867 1524 902 hoc
1549 876 1701 903 nomen
1728 868 1779 903 ad
1806 867 1978 912 disposi-

310 925 462 961 tionem
488 924 529 960 in
555 924 736 969 quolibet
762 925 870 969 quod
898 925 961 960 est
985 924 1227 970 principium
1253 925 1504 961 variationis.

449 983 510 1019 Ad
547 984 750 1019 obiectum
788 984 894 1028 quod
932 983 1192 1029 corruptibile
1232 985 1272 1020 et
1309 984 1480 1021 mortale
1520 985 1713 1021 differunt
1751 987 1976 1022 secundum

309 1052 450 1088 genus,
478 1041 568 1078 dico
596 1043 703 1087 quod
729 1042 906 1087 loquitur
932 1043 982 1078 de
1009 1052 1164 1088 genere
1198 1043 1438 1085 subiectivo,
1465 1053 1548 1080 non
1576 1044 1626 1080 de
1653 1054 1808 1090 genere
1835 1045 1977 1090 poten-

310 1100 446 1137 tiabili.
496 1100 659 1137 Certum
697 1102 760 1138 est
799 1101 906 1138 enim
944 1112 1029 1138 non
1067 1102 1327 1148 ignominosa
1365 1112 1539 1148 corpora
1576 1104 1774 1140 caelestia
1812 1114 1907 1141 esse
1934 1104 1975 1141 in
1997 1110 2030 1136 15

311 1169 463 1205 genere
491 1160 756 1197 substantiae.

448 1220 503 1255 23.
531 1218 592 1255 Ad
618 1219 858 1256 vicesimum
884 1220 1046 1256 tertium
1072 1220 1338 1263 <dicendum>
1364 1221 1472 1266 quod
1500 1231 1591 1258 cum
1627 1221 1771 1258 dicitur
1804 1223 1976 1259 materia

310 1278 463 1315 habere
488 1277 529 1314 in
556 1288 630 1315 sua
652 1280 797 1315 natura
815 1279 1104 1324 privationem;
1129 1279 1338 1326 restringit
1356 1280 1384 1315 li
1403 1280 1661 1323 materia<m>
1675 1281 1727 1317 ad
1749 1281 1974 1318 subiectum

311 1337 671 1374 transmutationis.
722 1337 903 1383 Corpora
929 1339 1065 1375 autem
1092 1339 1289 1375 caelestia
1323 1339 1526 1375 dicuntur,
1546 1340 1700 1376 habere
1736 1340 1973 1384 subiectum,

310 1405 393 1431 non
418 1396 639 1433 materiam.
1994 1405 2027 1432 20

449 1455 504 1490 24.
531 1455 592 1492 Ad
613 1456 851 1492 vicesimum
873 1458 1058 1502 quartum
1078 1457 1342 1499 <dicendum>
1366 1458 1474 1502 quod
1495 1467 1669 1503 corpora
1689 1461 1974 1505 aggregantur,

312 1514 385 1550 sed
411 1514 549 1550 tamen
575 1514 815 1551 differuntur
840 1515 881 1551 in
907 1516 1042 1552 anima
1069 1517 1184 1552 actus
1210 1516 1481 1553 informandi..
1516 1517 1558 1553 In
1596 1518 1810 1554 elementis
1848 1518 1975 1555 mixta

312 1573 579 1618 corrumpitur
605 1574 645 1610 et
669 1575 925 1620 aggregatur,
953 1575 1057 1611 sicut
1084 1576 1313 1621 generatur,
1340 1577 1383 1611 ut
1409 1585 1532 1621 supra
1559 1577 1790 1622 expositum
1818 1578 1915 1614 est2.

448 1632 503 1668 25.
530 1632 591 1668 Ad
618 1633 856 1669 vicesimum
882 1634 1064 1679 quintum
1091 1634 1307 1671 dicendum
1334 1635 1441 1679 quod
1468 1635 1604 1671 anima
1631 1636 1694 1671 est
1720 1635 1973 1679 defectibilis,

311 1690 405 1735 quia
430 1691 637 1733 vertibilis,
672 1702 757 1728 non
783 1694 921 1728 tamen
947 1693 1140 1729 mortalis.
1189 1692 1237 1729 Et
1262 1693 1370 1738 quod
1397 1693 1510 1730 dicit:
1550 1704 1671 1731 omne
1697 1694 1973 1733 indefectibile
1993 1701 2028 1727 25

312 1750 375 1785 est
411 1749 725 1795 incorruptibile,
763 1751 854 1788 dico
893 1753 1001 1797 quod
1041 1752 1075 1788 si
1111 1752 1387 1789 indefectibile
1426 1753 1538 1799 large
1577 1754 1783 1799 accipitur.
1855 1754 1974 1792 Unde

312 1808 441 1843 solum
469 1810 531 1844 est
556 1809 843 1852 indefectibile,
882 1820 973 1847 cum
999 1811 1097 1847 nihil
1122 1811 1323 1856 privative
1350 1812 1578 1857 opponitur.
1630 1812 1670 1849 Si
1696 1813 1973 1851 indefectibile

311 1867 466 1903 dicatur
490 1867 530 1904 in
556 1878 721 1914 genere,
749 1869 856 1914 quod
882 1879 965 1906 non
992 1869 1130 1906 deficit
1155 1880 1229 1915 per
1260 1871 1573 1916 corruptionem,
1608 1871 1713 1908 falsa
1745 1873 1808 1908 est
1844 1873 1973 1918 prima

310 1925 545 1971 propositio,
584 1927 678 1972 quia
713 1928 992 1965 immortalitas
1027 1939 1110 1965 non
1138 1930 1201 1965 est
1226 1929 1305 1965 nisi
1329 1930 1397 1966 ubi
1424 1931 1487 1966 est
1512 1930 1606 1972 vita,
1641 1930 1971 1969 indefectibilitas

310 1985 445 2020 autem
472 1986 535 2021 est
560 1985 600 2022 in
627 1987 864 2032 corporibus
892 1987 1150 2024 caelestibus.
1990 1995 2023 2021 30

449 2043 633 2090 [Reliqua
658 2046 832 2092 desunt]

450 2167 466 2199 1
494 2167 685 2208 privativo]
714 2168 892 2209 privative
989 2170 1007 2201 7
1034 2168 1258 2210 difficillima]
1284 2171 1396 2203 diiiine
1502 2172 1544 2204 24
1572 2173 1673 2205 ad—
1689 2173 1890 2213 dicendum]
1916 2173 1972 2207 Ad

310 2219 417 2252 XXVI
443 2220 629 2253 dicendum
656 2221 721 2254 est.
769 2221 826 2254 Ad
850 2222 958 2254 XXVI
983 2222 1171 2255 dicendum
1200 2224 1294 2264 quod
1321 2223 1421 2263 (εἰσί)

448 2337 458 2359 1
486 2337 649 2381 Metaph.
675 2340 731 2380 IV,
759 2340 788 2372 2.
915 2339 929 2362 2
955 2341 990 2374 P.
1018 2342 1048 2381 9,
1074 2351 1107 2374 n.
1136 2343 1166 2375 7.
