2095 3459
715 708 1024 769 Quaestio
1064 710 1211 762 XIIl.
1820 713 1882 746 rot.
1904 714 1973 748 27r
1985 722 2009 746 a

189 834 429 880 Quaeritur
461 837 608 875 utrum
640 846 804 886 corpus
836 837 1027 877 hominis
1059 838 1347 888 corruptibile
1379 838 1518 889 possit
1549 839 1734 879 induere

399 906 779 956 incorruptionem
811 919 997 949 manens
1030 908 1074 948 in
1107 909 1257 959 specie
1290 909 1479 949 hominis
1496 904 1520 949 ¹.

666 1002 719 1039 Et
745 1003 999 1040 ostenditur
1024 1004 1148 1049 quod
1175 1004 1253 1041 sio.
1823 999 1871 1036 A·

87 1095 104 1120 5
267 1090 296 1120 1.
323 1084 595 1130 Apostolus
622 1085 695 1128 <1.>
722 1086 812 1122 Cor.
839 1087 895 1130 16,
914 1087 970 1123 53.
1011 1086 1204 1132 „Oportet
1230 1087 1490 1132 corruptibile
1516 1088 1594 1124 hoc
1621 1088 1717 1123 etc.“

264 1145 294 1180 2.
321 1144 422 1181 Item
440 1154 515 1190 per
534 1145 738 1182 rationem
758 1145 834 1181 sic:
861 1145 1007 1182 Anima
1027 1146 1163 1182 unitur
1183 1146 1346 1191 corpori
1365 1147 1407 1182 ut
1420 1146 1551 1182 forma
1565 1147 1761 1183 materiae
1772 1150 1798 1189 2,

124 1205 164 1240 et
189 1203 298 1240 inest
323 1203 484 1240 animae
506 1205 690 1241 naturale
712 1204 960 1241 desiderium
981 1205 1166 1250 corporis
1186 1205 1496 1242 administrandi
1506 1208 1530 1241 3.
1568 1205 1673 1251 Ergo
1696 1206 1799 1242 sicut

121 1263 254 1300 forma
280 1264 343 1299 est
368 1263 694 1309 incorruptibilis,
733 1263 789 1300 ita
824 1273 1000 1300 necesse
1036 1265 1099 1300 est
1135 1274 1282 1309 corpus
1315 1264 1381 1300 vel
1409 1274 1503 1301 esse
1530 1264 1596 1301 vel
1621 1264 1799 1301 futurum

124 1332 220 1359 esse
246 1322 563 1367 incorruptibile.
614 1322 694 1359 Aut
718 1323 869 1359 frustra
895 1324 1008 1360 esset
1034 1324 1172 1360 datum
1199 1324 1277 1360 hoc
1304 1324 1552 1360 desiderium
1586 1333 1611 1360 a
1642 1324 1797 1360 natura.

71 1390 103 1416 10
262 1381 383 1418 Forte
411 1381 519 1419 dicet
544 1382 652 1427 quod
680 1382 816 1418 anima
842 1391 1014 1428 corpore
1041 1392 1116 1419 suo
1144 1384 1333 1428 corrupto
1360 1383 1496 1419 unitur
1520 1382 1637 1419 alteri
1657 1382 1798 1419 similis

123 1441 434 1487 complexionis.

263 1499 433 1537 Contra:
460 1500 714 1537 Avicenna
740 1500 859 1537 dicit4
887 1502 994 1546 quod
1023 1510 1144 1537 omne
1171 1501 1423 1537 individuum
1449 1501 1573 1537 habet
1599 1500 1799 1546 composi-

122 1560 278 1596 tionem
292 1559 370 1596 sibi
384 1559 641 1596 solummodo
655 1560 873 1605 propriam,
888 1560 928 1595 in
942 1570 1023 1605 qua
1037 1560 1076 1595 ei
1089 1560 1197 1596 aliud
1212 1559 1430 1596 assimilari
1449 1561 1513 1596 est
1533 1559 1797 1605 impossibile.

122 1618 170 1655 Et
194 1618 523 1664 Philosophus
550 1618 671 1655 dicit5
697 1620 807 1664 quod
831 1619 998 1664 propria
1023 1619 1155 1656 forma
1180 1619 1304 1655 habet
1335 1619 1541 1664 propriam
1575 1618 1796 1654 materiam.

71 1690 104 1715 15
122 1678 228 1725 Ergo
255 1677 509 1723 impossibile
537 1678 601 1714 est
627 1679 735 1723 quod
762 1678 898 1714 anima
923 1678 1042 1714 unius
1069 1678 1244 1716 hominis
1272 1687 1450 1723 unquam
1475 1678 1548 1714 fiat
1573 1677 1751 1714 alterius.

50 1737 55 1741 '
262 1741 294 1773 3.
320 1737 421 1773 Item
447 1737 583 1773 anima
607 1737 819 1773 rationalis
846 1738 915 1773 dat
941 1746 1036 1773 esse
1065 1737 1226 1782 corpori
1237 1739 1262 1773 6.
1307 1737 1634 1782 Unumquodque
1661 1737 1798 1773 autem

122 1796 253 1843 magis
281 1797 345 1833 est
370 1797 509 1833 natum
536 1797 634 1833 dare
662 1806 757 1833 esse
784 1797 903 1841 quale
930 1797 1064 1838 habet,
1103 1806 1225 1841 quam
1251 1796 1372 1841 quale
1399 1806 1481 1832 non
1508 1796 1642 1832 habet.
1692 1795 1797 1841 Ergo

123 1866 215 1893 cum
240 1856 331 1901 ipsa
356 1856 506 1892 habeat
533 1865 628 1892 esse
655 1855 970 1901 incorruptibile,
1001 1856 1070 1892 dat
1096 1855 1333 1891 naturaliter
1360 1865 1455 1891 esse
1482 1854 1797 1900 incorruptibile.

150 1907 153 1908 ⁷
261 1915 381 1951 Forte
409 1915 566 1951 dicetur
592 1916 700 1960 quod
728 1924 868 1951 verum
896 1915 969 1956 est,
1008 1906 1185 1951 animam
1221 1915 1358 1951 natam
1394 1923 1489 1950 esse
1527 1915 1626 1950 dare
1653 1916 1797 1956 (esse)

70 1983 104 2010 20
124 1974 441 2019 incorruptibile,
463 1975 658 2019 quantum
683 1975 747 2010 est
766 1975 817 2010 de
839 1984 896 2016 se,
925 1975 999 2010 sed
1028 1973 1300 2019 repugnantia
1329 1974 1392 2010 est
1417 1983 1442 2009 a
1465 1974 1580 2018 parte
1602 1972 1797 2018 corporis.

263 2032 431 2069 Contra:
458 2032 616 2078 Corpus
637 2033 856 2069 humanum
878 2034 941 2069 est
961 2033 1240 2069 nobilissimae
1262 2032 1560 2077 complexionis
1582 2032 1623 2068 et
1641 2041 1797 2067 summe

124 2092 425 2138 appropinquat
449 2092 502 2128 ad
529 2092 829 2137 simplicitatem
856 2092 1040 2137 corporis
1068 2091 1271 2133 caelestis,
1312 2092 1352 2127 et
1383 2091 1439 2127 ita
1471 2091 1522 2128 ad
1549 2090 1798 2136 aequitatem

265 2208 284 2240 4
312 2207 525 2247 ostenditur]
551 2208 704 2241 obicitur
777 2209 796 2240 5
825 2208 877 2247 16,
894 2207 949 2247 53]
976 2207 1055 2240 Cor.
1077 2208 1096 2240 3
1170 2208 1189 2240 9
1217 2206 1362 2245 frustra]
1389 2207 1559 2239 frustrum
1634 2207 1674 2238 19
1701 2205 1798 2245 esse]

125 2263 231 2295 extra
326 2261 367 2293 21
396 2260 673 2302 complexionis]
698 2261 908 2300 communis,
935 2260 1000 2293 sed
1024 2260 1228 2300 corriyitur
1252 2260 1294 2293 in
1319 2259 1493 2300 margine

265 2384 276 2406 ¹
305 2385 375 2418 Cir.
401 2385 572 2423 Bonav.‚
611 2385 676 2425 Op.
711 2394 810 2417 omn..
846 2383 903 2423 IV,
930 2384 996 2417 887
1023 2393 1071 2417 ss.
1110 2383 1293 2423 (Scholion
1326 2382 1425 2422 890);
1462 2382 1558 2415 Alb.
1584 2383 1797 2424 Magnus,

125 2438 306 2472 Problem.
341 2437 433 2476 ΧΙΙΙ;
470 2438 673 2475 Thomas,
710 2438 806 2470 Sent.
834 2435 890 2476 IV,
926 2437 958 2469 d.
987 2437 1028 2469 44
1057 2446 1090 2476 q.
1120 2437 1135 2468 1
1173 2446 1204 2469 a.
1234 2437 1269 2474 1;
1309 2436 1450 2477 Suppl„
1487 2444 1520 2476 q.
1548 2436 1591 2468 79
1626 2444 1658 2468 a.
1693 2436 1797 2474 1—3;

127 2491 261 2531 Quodl.
287 2491 342 2530 XI,
371 2500 404 2530 q.
432 2491 451 2523 6
477 2499 509 2523 a.
531 2491 568 2529 ὃς
596 2490 772 2529 Scotus,
799 2488 895 2522 Sent.
923 2489 979 2528 IV,
1006 2490 1038 2522 d.
1061 2489 1104 2521 43
1132 2498 1164 2529 q.
1188 2490 1224 2526 1;
1250 2488 1375 2521 Henr.
1397 2488 1540 2527 Gand„
1568 2488 1701 2527 Quodl.
1728 2488 1797 2528 Vll,

127 2554 160 2585 q.
189 2545 248 2584 16;
276 2544 540 2585 Capreolus,
567 2543 638 2583 VII,
666 2544 706 2576 51
735 2550 801 2583 SS.;
828 2542 1164 2581 Montefortino,
1191 2542 1248 2580 VI,
1276 2541 1341 2574 787
1368 2550 1417 2574 ss.

265 2596 279 2619 2
305 2597 376 2629 Cir.
403 2605 516 2637 supra
541 2605 574 2636 p.
604 2597 656 2635 14,
683 2596 714 2628 Α
742 2596 801 2634 13;
826 2595 969 2634 Arist.‚
997 2595 1049 2627 De
1075 2594 1214 2627 Anima
1238 2594 1277 2633 ΙΙ,
1306 2595 1322 2626 1
1350 2592 1453 2633 (text.
1480 2590 1517 2635 6)
1543 2603 1590 2626 ss.

265 2649 280 2672 3
304 2650 420 2691 Aug.‚
447 2650 499 2682 De
526 2650 612 2682 Gen.
640 2648 693 2681 ad
716 2649 782 2681 Lit.
810 2648 878 2685 XII,
905 2648 949 2680 35
975 2645 1046 2687 (PL
1071 2648 1126 2686 34,
1154 2647 1219 2679 483
1245 2656 1278 2679 n.
1306 2646 1384 2686 68)ῖ
1425 2647 1543 2685 „Inest
1569 2647 1601 2679 ei
1628 2646 1798 2686 (spiritui)

127 2702 302 2737 naturalis
330 2703 475 2743 quidam
500 2702 684 2743 appetitus
710 2710 843 2742 corpus
870 2700 1152 2739 administrandi,
1189 2709 1260 2740 quo
1293 2699 1457 2740 appetitu
1482 2699 1686 2731 retardatur
1712 2707 1798 2739 quo-

127 2758 208 2790 dam
240 2756 357 2795 modo,
395 2764 441 2788 ne
475 2756 552 2788 tota
584 2755 783 2787 intentione
815 2755 946 2795 pergat
971 2754 1006 2785 in
1031 2753 1118 2785 illud
1143 2760 1318 2785 summum
1344 2752 1493 2790 caelum,
1533 2751 1701 2792 quamdiu
1726 2760 1798 2784 non

128 2810 254 2842 subest
287 2818 429 2849 corpus,
465 2808 566 2841 cuius
601 2807 910 2840 administratione
944 2805 1219 2846 appetitus-illc
1246 2803 1514 2845 conquiescat.“
1566 2804 1635 2836 CIr.
1662 2804 1798 2836 ibidem

127 2862 198 2901 VII,
226 2863 269 2895 27
295 2871 327 2894 n.
355 2862 409 2894 38.

267 2913 282 2936 4
307 2914 469 2956 Metaph.
496 2914 537 2953 V,
565 2915 595 2946 5.
1221 2958 1223 2960 Ι

268 2966 283 2990 5
308 2968 360 3000 De
385 2966 527 3000 Am'ma
550 2967 589 3006 II,
617 2967 636 2999 2
669 2965 772 3005 (text.
800 2964 877 3004 26):
917 2964 1226 3003 „Uniuscuiusque
1266 2963 1360 2995 enim
1396 2963 1497 2994 actus
1534 2962 1570 2993 in
1608 2970 1662 3000 eo,
1702 2960 1797 3001 quod

130 3021 294 3061 potentia
319 3020 443 3052 existit
469 3021 505 3052 et
529 3019 565 3051 in
591 3019 740 3060 propria
765 3018 926 3056 materia,
954 3017 1061 3057 aptus
1086 3017 1215 3049 natura
1241 3016 1296 3047 est
1322 3013 1433 3047 fieri.“
1485 3014 1554 3047 Cir.
1582 3014 1690 3054 Phys.
1716 3013 1754 3052 11,
1777 3014 1795 3045 2

130 3072 233 3112 (text.
261 3072 330 3112 26).
472 3072 487 3094 6
513 3072 583 3105 Cfr.
611 3080 723 3112 supra
749 3081 781 3111 p.
811 3071 864 3109 29,
891 3071 962 3102 not.
991 3070 1021 3101 3.
