2095 3459
797 199 969 235 Quaestio
998 199 1018 230 l.
1745 193 1765 227 5

223 298 320 334 Item
349 297 458 342 quod
485 306 568 333 non
597 297 728 342 possit
762 296 897 332 anima
930 306 1025 332 esse
1066 306 1119 332 ex
1157 295 1326 331 traduce
1368 303 1441 339 per
1480 294 1764 338 operationem

81 356 332 403 generantis.
360 357 556 401 probatur
583 356 661 392 sic:
688 356 790 391 Nihil
819 356 926 391 enim
954 356 1017 391 est
1043 356 1096 391 ab
1116 355 1254 399 aliqua
1273 363 1410 393 causa,
1438 353 1517 389 nisi
1538 352 1765 388 secundum

82 416 190 461 quod
219 425 347 452 causa
374 417 437 452 est
463 416 515 452 ad
541 416 747 461 agendum
774 415 904 451 libera
930 416 971 451 et
997 415 1036 450 in
1070 416 1163 450 actu
1197 414 1361 449 mInime
1400 413 1606 458 impedita.
1658 411 1703 447 V.
1731 421 1765 456 g.

83 475 179 511 nihil
207 476 271 511 est
296 485 321 512 a
347 476 479 512 calido
507 477 703 521 quantum
730 475 916 515 calidum,
944 475 1021 510 nisi
1049 475 1161 510 calor
1181 474 1233 510 sit
1253 474 1358 509 liber
1377 473 1418 508 in
1439 472 1615 518 agendo.
1660 470 1766 516 Ergo

46 542 62 567 5
83 545 173 571 cum
200 535 303 571 ratio
331 535 371 571 in
398 536 491 571 actu
519 535 758 581 generantIs
795 535 860 570 vel
899 534 1179 580 generationis
1220 534 1272 569 sit
1310 533 1473 578 penitus
1513 531 1767 577 praepedita.

81 594 176 639 quia
203 595 324 630 homo
351 594 397 630 fit
422 596 532 630 totus
560 604 667 635 caro,
695 594 969 630 existentibus
997 593 1037 629 in
1064 593 1223 629 actibus
1246 593 1330 628 suis
1353 593 1510 628 tantum
1530 591 1769 637 vegetativa

81 653 384 690 determinante
406 655 447 690 et
467 654 667 690 sensitiva
688 653 944 698 experiente,
966 663 1048 689 non
1067 654 1243 699 generat
1263 653 1386 688 homo
1409 651 1637 687 secundum
1658 651 1767 695 quod

80 713 305 754 rationalis,
333 714 407 750 sed
434 714 592 749 tantum
619 714 846 749 secundum
873 712 983 757 quod
1018 712 1217 748 animalis.
1269 711 1350 747 Sed
1380 721 1464 747 non
1497 711 1643 755 posset
1678 719 1769 755 pro-

81 772 233 808 ducere
264 773 443 809 animam
468 773 722 813 rationalem,
761 772 840 808 nisi
866 772 1010 817 ageret
1036 771 1265 808 secundum
1291 770 1506 806 rationem.
1557 769 1663 815 Ergo
1692 770 1767 805 etc.

30 838 62 863 10
221 833 252 867 2.
280 832 379 868 Item
406 842 528 868 omne
556 832 664 877 quod
691 831 963 873 traducit<ur>
989 841 1014 867 a
1040 830 1348 877 generabilibus
1389 830 1453 866 est
1491 829 1767 874 corruptibile,

81 892 186 928 sIcut
212 893 254 928 et
279 892 529 937 generabile.
582 891 663 928 Sed
690 891 827 927 anima
852 891 1064 927 rationalis
1103 900 1187 926 non
1224 891 1289 926 est
1324 889 1610 934 corruptibilis.
1660 888 1767 935 Ergo

80 961 159 988 nec
184 951 434 997 generabilis
449 953 472 987 1.

220 1012 252 1047 3.
292 1011 393 1047 Item
415 1011 785 1056 Philosophus2
811 1011 907 1046 dicit
933 1011 1042 1056 quod
1069 1010 1303 1046 intellectus
1332 1009 1396 1044 est
1422 1009 1474 1045 ab
1502 1010 1631 1051 extra,
1660 1009 1702 1044 et
1727 1008 1768 1044 in

80 1071 182 1107 libro
209 1070 269 1107 De
288 1070 462 1107 Causisss
488 1070 634 1106 dicitur
659 1070 768 1116 quod
795 1070 958 1106 animae
985 1069 1263 1115 intelligibiles
1291 1078 1376 1104 non
1403 1069 1498 1104 sunt
1525 1077 1579 1104 ex
1605 1068 1685 1104 alia
1711 1078 1769 1104 re.

29 1144 61 1170 15
221 1131 253 1166 4.
280 1129 381 1166 Item
408 1130 443 1166 si
468 1130 606 1166 anima
632 1131 696 1166 est
721 1130 773 1166 ab
800 1130 948 1171 anima,
987 1130 1057 1166 aut
1094 1130 1146 1165 ab
1183 1128 1321 1165 anima
1353 1128 1481 1173 patris
1521 1150 1565 1154 —
1605 1129 1646 1164 et
1673 1128 1769 1163 tunc

81 1188 264 1226 Christus
292 1199 375 1225 non
402 1189 543 1225 habuit
568 1189 767 1232 animam;
806 1190 876 1225 aut
914 1190 965 1225 ab
992 1189 1130 1225 anima
1156 1188 1298 1224 matris
1335 1208 1382 1212 —
1421 1188 1462 1223 et
1489 1187 1548 1223 sic
1572 1186 1658 1223 Eva
1684 1197 1769 1223 non

80 1248 221 1285 habult
247 1249 441 1291 animam;
479 1249 549 1284 aut
586 1250 638 1285 ab
673 1249 849 1294 utroque
875 1270 922 1273 --
950 1249 991 1285 et
1016 1249 1113 1284 tunc
1140 1247 1273 1284 Adam
1299 1256 1384 1283 non
1410 1247 1552 1283 habuit
1577 1247 1768 1283 animam.

81 1308 262 1349 Quorum
288 1308 498 1354 quodlibet
525 1309 588 1345 est
614 1308 868 1354 impossibile
897 1309 972 1345 etc.

788 1426 1057 1472 Responsio.
1742 1459 1744 1461 ,
1796 1421 1838 1457 C.

28 1524 61 1549 20
221 1511 343 1547 Istam
380 1511 667 1556 quaestionem
702 1511 867 1556 quidam
906 1510 1038 1547 sancti
1071 1510 1309 1555 relinquunt
1347 1509 1388 1545 in
1427 1509 1563 1551 dubio,
1603 1509 1767 1554 quidam

80 1571 218 1607 autem
243 1580 317 1616 pro
345 1571 458 1606 certo
485 1570 734 1607 definierunt
759 1571 800 1606 in
827 1570 949 1606 dubio
976 1569 1194 1615 reliquisse
1205 1571 1230 1604 4.

220 1629 339 1666 Unde
367 1629 639 1676 Gregorius
666 1630 707 1666 in
733 1630 924 1675 Reyistro
956 1629 997 1665 in
1032 1639 1124 1675 pag.
1151 1630 1240 1665 295:
1282 1629 1364 1672 „De
1405 1629 1564 1674 origine
1602 1628 1766 1665 animae

81 1690 187 1725 inter
213 1690 381 1725 sanctos
408 1691 547 1735 patres
574 1690 783 1735 inquisitIo
811 1700 894 1726 non
913 1691 926 1733 Η
944 1699 1078 1735 pauca
1114 1690 1284 1725 versata
1322 1689 1397 1730 est,
1437 1688 1596 1724 scilicet
1632 1689 1767 1724 utrum
1789 1692 1849 1724 fol.
1872 1692 1942 1724 341‘
1958 1692 1978 1724 b

81 1749 172 1794 ipsa
197 1750 248 1785 ab
275 1749 406 1785 Adam
433 1750 707 1791 descenderit,
734 1759 788 1785 an
809 1749 949 1785 creata
975 1749 1146 1795 singulis
1181 1749 1310 1790 detur,
1337 1748 1540 1784 incertum
1567 1748 1767 1783 remansit

29 1821 62 1847 25
83 1818 256 1854 eamque
277 1809 318 1844 in
344 1809 421 1845 hac
447 1809 531 1845 vita
556 1809 817 1846 insolubilem
844 1809 933 1845 sine
960 1808 1128 1845 fictione
1156 1818 1342 1844 errorum
1362 1808 1548 1848 <cred0>.
1600 1806 1705 1847 Quia
1732 1807 1766 1842 si

81 1869 132 1905 de
159 1868 290 1905 Adam
316 1869 546 1905 substantia
572 1869 734 1905 animae
762 1879 854 1905 cum
881 1878 1004 1905 carne
1043 1868 1237 1909 nascItun
1278 1878 1350 1904 cur
1387 1877 1472 1904 non
1511 1867 1635 1903 etiam
1674 1876 1766 1902 cum

81 1937 205 1964 carne
232 1926 431 1964 morItur?
482 1928 522 1964 Si
548 1938 647 1964 vero
676 1938 767 1964 cum
793 1937 918 1964 carne
945 1927 1138 1969 nascitur,
1179 1937 1252 1963 cur
1276 1927 1318 1963 in
1345 1936 1397 1963 ea
1424 1936 1549 1963 carne
1578 1936 1685 1971 quae
1714 1926 1764 1962 de

81 1987 213 2023 Adam
237 1988 411 2032 probata
438 1988 501 2023 est
528 1988 707 2033 obligata
732 1988 915 2032 peccatis
936 1986 1152 2023 tenetur‘?“
1192 1987 1306 2023 Haec
1326 1986 1613 2032 Gregorius.
1652 1985 1766 2021 Haec

82 2047 205 2083 etiam
240 2047 447 2083 sententia
482 2047 764 2093 Augustini,
790 2047 929 2092 Super
954 2046 1050 2083 Gen.
1078 2047 1141 2082 X6
1178 2047 1219 2082 et
1244 2046 1421 2082 Retract.
1450 2045 1475 2081 Ι.
1504 2055 1580 2090 cap
1609 2046 1626 2080 1
1655 2046 1695 2080 et
1721 2044 1763 2080 ΙΙ.

30 2117 64 2143 30
81 2106 184 2143 libro
212 2116 298 2152 cap.
324 2108 369 2143 45
382 2108 407 2142 ⁷.
442 2107 553 2143 Licet
579 2107 717 2143 autem
736 2106 915 2143 haesitet
935 2106 1188 2152 Augustinus
1211 2106 1260 2141 de
1282 2106 1444 2141 animae
1467 2105 1638 2151 origine,
1665 2114 1765 2140 nun-

83 2175 204 2211 quam
228 2167 367 2202 tamen
392 2166 612 2202 haesitavit
638 2166 688 2202 de
716 2175 842 2202 causa
869 2166 957 2202 eius
985 2165 1194 2202 efficiente
1223 2165 1417 2210 quoniam
1455 2164 1607 2200 fatetur
1632 2164 1765 2199 Deum

83 2234 179 2261 esse
217 2225 441 2262 dicentem:
481 2224 677 2269 „Omnem
713 2225 854 2261 ilatum
893 2234 970 2270 ego
1008 2225 1123 2261 feci“.
1174 2224 1406 2261 Translatio
1446 2224 1590 2259 nostra
1628 2224 1763 2264 habet,

83 2283 215 2321 Isaiae
241 2284 387 2321 XLIIS:
428 2285 561 2328 „Dans
588 2284 729 2321 flatum
754 2285 918 2330 populo,
946 2286 1014 2330 qui
1041 2285 1105 2320 est
1132 2294 1259 2329 super
1285 2293 1378 2320 eam
1405 2284 1446 2319 et
1473 2283 1660 2328 spiritum
1687 2283 1765 2318 cal-

85 2344 270 2380 cantibus
298 2346 421 2381 eam.“
472 2344 520 2380 Et
550 2344 678 2381 Isaias
714 2344 834 2381 LVII:
878 2343 1071 2389 „Spiritus
1110 2353 1136 2380 a
1172 2343 1279 2380 facie
1306 2346 1412 2379 'mea
1450 2342 1685 2388 egredietur
1725 2342 1765 2377 et

225 2469 244 2500 4
265 2467 452 2509 quantum]
474 2471 496 2509 q
512 2467 546 2509 q'
619 2468 637 2501 7
658 2466 745 2508 non]
765 2468 825 2500 vel
899 2468 917 2500 8
939 2466 1119 2506 animalis]
1137 2467 1155 2499 ἱ)
1231 2468 1272 2499 15
1298 2466 1372 2505 aut]
1393 2467 1487 2499 sicut
1560 2466 1603 2498 24
1624 2464 1762 2503 creata]

85 2524 183 2554 certe
303 2522 345 2554 26
372 2521 588 2560 substantia]
615 2522 838 2554 substantiae
911 2520 997 2559 non]
1027 2521 1065 2558 -ί-
1095 2521 1151 2553 est
1271 2520 1314 2552 30
1340 2519 1510 2557 haesitet]
1543 2519 1702 2551 haesitat
1716 2516 1763 2557 (‘?)

86 2575 128 2608 32
155 2575 347 2614 dicentem]
374 2576 515 2608 dicente
541 2576 635 2607 enim
731 2575 773 2607 34
800 2572 903 2614 LVII]
929 2574 1016 2606 XLII

225 2694 237 2717 1
264 2695 334 2728 Cir.
360 2696 538 2734 Bonav.,
567 2695 632 2736 Op.
661 2703 760 2727 omn.
786 2694 825 2733 II,
853 2693 919 2726 452
935 2702 967 2726 3.

224 2747 239 2770 2
264 2749 317 2781 De
343 2749 429 2782 Gen.
455 2748 579 2781 Anim.
605 2748 644 2786 II,
670 2748 701 2780 3.
844 2746 859 2769 3
882 2747 988 2787 Prop.
1016 2747 1059 2779 24
1085 2745 1135 2786 (p.
1166 2745 1257 2785 185).

225 2801 240 2824 4
266 2802 337 2835 Cfr.
362 2802 674 2841 Hieronymum
700 2799 770 2840 (PL
796 2801 850 2838 23,
877 2800 984 2832 43ΟΒ
1011 2801 1046 2832 et
1071 2800 1118 2831 ib.
1148 2797 1263 2838 1112).

225 2854 240 2877 5
265 2855 320 2894 IX,
348 2855 389 2887 52
416 2853 487 2894 (PL
513 2855 567 2894 77,
594 2853 696 2894 990);
723 2854 786 2886 cfr.
813 2853 1136 2885 Montefortino
1162 2852 1215 2889 ΙΙΙ,
1245 2852 1345 2884 1033.

225 2907 240 2930 ⁶
264 2909 304 2947 X,
331 2908 350 2940 6
377 2906 448 2947 (PL
472 2909 526 2947 34,
554 2908 619 2940 412
646 2917 678 2940 n.
706 2906 740 2946 9)
767 2916 870 2947 seqq.

226 2959 240 2982 ⁷
265 2961 289 3001 Ι,
317 2962 334 2993 1
363 2959 432 3000 (PL
457 2961 511 3000 32,
528 2961 593 2994 586
608 2970 642 2993 n.
658 2959 713 3000 3);
739 2960 778 2998 11,
800 2961 842 2992 45
868 2958 972 2999 (ibid.
991 2958 1089 2998 649);
1117 2959 1179 2991 cfr.
1204 2957 1255 2990 De
1274 2958 1349 2990 Lz'b.
1370 2957 1457 2989 Arb.
1476 2957 1528 2995 III,
1552 2957 1592 2988 21
1615 2955 1686 2995 (PL
1708 2956 1761 2994 32,

90 3015 177 3047 1299
205 3023 309 3055 seqq.
335 3023 369 3046 n.
397 3014 438 3047 59
466 3015 501 3046 et
527 3013 595 3053 62).
645 3014 734 3046 Vide
761 3013 869 3046 etiam
894 3013 982 3045 Bon
995 3021 1073 3050 aV.,
1104 3011 1169 3052 Op.
1198 3019 1296 3043 omn.
1323 3011 1361 3049 ΙΙ,
1390 3010 1455 3042 453
1469 3008 1493 3042 2.

227 3065 242 3088 8
267 3067 364 3106 XLII,
392 3068 421 3099 5.
473 3066 637 3107 Sequens
663 3067 785 3100 textus
811 3066 965 3099 habetur
989 3065 1132 3099 Isaias
1158 3063 1258 3102 LVII,
1287 3064 1340 3096 16.
