2095 3459
70 1372 101 1396 10

71 1671 103 1697 15

70 1966 103 1991 20

698 684 1005 744 Quaestio
1046 684 1214 737 XXV.

121 817 361 863 Quaeritur
392 818 446 857 de
479 817 760 867 simplicitate
794 818 969 857 animae
1001 818 1252 858 rationalis:
1288 824 1432 857 utrum
1460 818 1515 857 sit
1541 818 1787 868 composita

677 900 735 929 ex
766 889 953 929 materia
985 890 1028 929 et
1059 884 1242 929 forma1.

648 984 702 1021 Et
727 984 980 1021 ostenditur
1005 985 1127 1029 quod
1154 993 1257 1020 non.

261 1070 290 1104 1.
327 1068 430 1109 Quia
464 1068 596 1104 forma
621 1078 703 1104 non
731 1068 794 1104 est
819 1067 1000 1109 materia,
1028 1077 1105 1103 nec
1131 1067 1397 1112 componitur,
1432 1068 1474 1103 ut
1500 1067 1595 1103 dicit
1626 1067 1788 1103 Philo-

121 1128 306 1173 sophus
319 1130 344 1162 2.
394 1127 542 1163 Anima
568 1128 631 1163 est
655 1127 798 1163 forma.
847 1126 952 1173 Ergo
979 1127 1081 1163 sicut
1106 1137 1188 1163 non
1215 1127 1279 1163 est
1298 1126 1479 1168 materia,
1505 1126 1561 1162 ita
1585 1136 1663 1162 nec
1682 1135 1788 1162 com-

121 1187 267 1232 posita.

260 1247 291 1281 2.
318 1245 418 1281 Item
446 1255 609 1282 omnem
636 1246 907 1290 compositum
932 1246 1056 1281 habet
1082 1255 1189 1281 esse.
1239 1245 1343 1291 Ergo
1371 1245 1405 1281 si
1431 1244 1568 1281 anima
1593 1246 1657 1281 est
1682 1255 1788 1281 com-

120 1305 265 1350 posita,
300 1305 467 1341 habebit
501 1305 622 1341 homo
659 1305 812 1350 duplex
847 1314 951 1346 esse,
990 1305 1146 1341 scilicet
1180 1304 1341 1340 animae
1377 1305 1418 1340 et
1451 1304 1574 1340 totius
1599 1304 1786 1346 hominis,

122 1364 227 1400 sicut
252 1364 376 1400 habet
402 1365 504 1400 duas
530 1364 864 1409 compositiones.

259 1425 291 1460 3.
326 1423 426 1459 Item
461 1424 569 1468 quod
603 1424 728 1459 habet
753 1423 793 1459 in
820 1432 864 1459 se
892 1433 987 1459 esse
1014 1423 1269 1468 completum,
1304 1432 1385 1458 non
1411 1422 1544 1458 unitur
1570 1422 1687 1458 alteri
1712 1422 1787 1458 nisi

121 1482 439 1519 accidentaliter.
496 1482 626 1519 Omne
662 1482 770 1518 enim
805 1483 913 1527 quod
951 1481 1118 1518 advenit
1156 1482 1410 1517 substantiae
1449 1482 1686 1526 completae,
1725 1482 1788 1517 est

122 1541 326 1578 accidens.
375 1541 482 1588 Ergo
519 1541 553 1577 si
590 1542 727 1578 anima
762 1543 825 1577 est
861 1541 1089 1586 composita
1115 1551 1168 1577 ex
1194 1541 1366 1576 materia
1392 1542 1432 1576 et
1455 1540 1596 1582 forma,
1624 1550 1677 1576 ex
1703 1550 1787 1576 cor-

123 1610 222 1646 pore
251 1601 290 1636 et
316 1601 453 1637 anima
478 1611 561 1637 non
588 1602 651 1637 est
676 1610 800 1636 unum
826 1600 905 1637 nisi
930 1610 1004 1646 per
1029 1600 1234 1636 accidens:

263 1660 294 1695 4.
321 1660 432 1702 Item,
460 1660 564 1696 sicut
589 1660 685 1696 dicit
708 1659 1039 1705 Philosophus
1051 1662 1075 1700 3,
1103 1659 1239 1695 anima
1257 1658 1542 1695 intellectualis
1568 1668 1641 1704 per
1661 1668 1706 1695 se
1728 1660 1788 1694 est

121 1718 384 1765 intelfigibilis
411 1719 499 1755 sive
527 1718 827 1755 abstractibilis.
877 1718 958 1755 Sed
986 1718 1117 1754 omnis
1136 1718 1269 1754 forma
1288 1717 1484 1754 materiae
1504 1718 1617 1753 unita
1634 1718 1789 1763 indiget

122 1778 401 1814 abstractione
436 1778 489 1814 ad
523 1779 611 1820 hoc,
650 1778 690 1814 ut
723 1777 981 1824 intelligatur.
1030 1777 1136 1823 Ergo
1169 1777 1305 1813 anima
1329 1776 1540 1813 rationalis
1565 1777 1607 1812 in
1633 1786 1679 1813 se
1705 1787 1787 1813 non

122 1837 291 1873 includit
316 1837 539 1873 materiam.
588 1836 694 1883 Ergo
722 1837 797 1873 etc.

262 1897 293 1932 5.
319 1896 419 1932 Item
445 1895 617 1932 materia
642 1896 773 1941 prima
798 1906 881 1932 non
900 1896 1024 1932 habet
1045 1895 1325 1931 diversitatem
1345 1895 1440 1931 ante
1461 1894 1681 1931 adventum
1702 1904 1788 1931 cor-

122 1955 346 2000 poreitatis‚
385 1964 458 2000 per
493 1964 614 2000 quam
639 1956 776 2000 potest
807 1964 900 1991 esse
927 1955 1072 1991 divisio
1099 1954 1226 1999 partis
1254 1964 1279 1990 a
1304 1954 1431 1999 parte.
1480 1953 1584 1999 Ergo
1612 1954 1680 1990 ubi
1705 1964 1786 1990 non

125 2015 188 2051 est
213 2014 479 2059 corporeitas,
505 2022 582 2049 nec
609 2013 768 2050 divisio.
819 2013 899 2050 Sed
926 2014 959 2049 si
980 2014 1116 2049 anima
1134 2014 1308 2049 haberet
1327 2013 1548 2054 materiam,
1577 2013 1656 2048 alia
1676 2014 1788 2049 esset

123 2073 295 2109 materia
319 2073 450 2115 unius,
478 2073 558 2108 alia
583 2072 759 2109 alterius.
809 2072 915 2118 Ergo
943 2073 1017 2109 etc.

867 2155 1046 2191 Contra.

1808 702 1868 734 fol.
1894 702 1962 734 331·
1974 702 1994 734 b

1814 981 1861 1017 A.

1810 2158 1857 2194 B.

264 2228 294 2262 1.
328 2226 564 2263 Boethius
597 2226 638 2262 in
673 2226 792 2281 libro:
831 2226 889 2261 De
930 2226 1093 2262 Unitate
1127 2228 1163 2262 et
1203 2226 1289 2261 Uno
1304 2229 1328 2267 ⁴,
1367 2225 1463 2263 dicit
1497 2225 1604 2270 quod
1632 2225 1786 2269 „unitas
1827 2234 1829 2236 ·

71 2294 104 2319 25
124 2286 352 2323 subsistens
377 2286 419 2322 in
444 2283 617 2321 materia
642 2285 936 2331 intelligentiae
963 2286 1025 2321 est
1050 2285 1184 2320 unitas
1205 2283 1489 2329 simplicitatis.
1527 2284 1669 2320 Unitas
1698 2284 1787 2319 sub-

266 2385 305 2416 11
334 2383 464 2423 unitur]
490 2384 543 2416 sic
566 2384 607 2416 in
632 2384 814 2423 margine,
842 2384 960 2416 textus
986 2383 1113 2415 habet:
1140 2383 1249 2415 utitur
1350 2383 1392 2415 24
1420 2382 1551 2422 unitas]
1578 2383 1728 2420 veritas;
1755 2384 1788 2414 et

124 2438 177 2470 sie
202 2438 372 2478 deinceps

265 2531 277 2554 1
304 2532 374 2565 Cir.
400 2533 571 2571 Bonav.,
601 2532 666 2572 Op.
694 2540 792 2564 omn.
819 2531 858 2570 II,
886 2531 951 2564 413
973 2540 1021 2564 ss.
1048 2530 1231 2570 (Scholion
1259 2531 1356 2569 416);
1388 2530 1480 2563 Joh.
1507 2531 1557 2562 de
1584 2531 1785 2571 Rupella‚

125 2586 283 2618 Summa
318 2585 361 2618 de
394 2585 585 2624 Animal,
614 2585 655 2617 10
689 2586 725 2617 et
752 2585 812 2624 11;
850 2585 950 2617 Rob.
979 2584 1285 2623 Grosseteste,
1321 2583 1477 2616 Summa
1511 2584 1785 2624 Philosophiae,

126 2648 160 2679 p.
188 2639 254 2671 427
274 2647 323 2671 ss.
351 2640 387 2671 et
413 2638 478 2671 460
499 2645 566 2677 ss.;
592 2638 796 2676 Thomas,
824 2636 921 2670 Sent.
947 2637 985 2676 ΙΙ,
1014 2637 1045 2669 d.
1075 2638 1127 2676 17,
1156 2646 1189 2677 q.
1218 2637 1248 2676 1,
1276 2646 1305 2669 a.
1329 2637 1368 2674 2;
1395 2636 1430 2669 S.
1452 2637 1500 2669 th.
1521 2636 1544 2675 Ι,
1567 2645 1599 2676 q.
1622 2637 1675 2674 75,
1697 2645 1728 2668 a.
1750 2637 1785 2675 5;

127 2691 186 2731 Cy.
213 2691 251 2730 ΙΙ,
279 2691 339 2730 50;
366 2691 418 2723 De
442 2691 538 2732 Spir.
567 2691 695 2728 Creat„
725 2699 757 2730 q.
781 2691 810 2730 1,
838 2699 868 2722 a.
892 2691 928 2728 1;
955 2691 1007 2722 De
1031 2689 1180 2729 Anima,
1208 2699 1239 2722 a.
1261 2690 1299 2728 6;
1328 2689 1460 2728 Quodl.
1487 2689 1540 2728 III,
1567 2698 1599 2730 q.
1621 2689 1652 2727 8,
1674 2698 1704 2721 a.
1727 2689 1785 2728 20;

127 2744 302 2783 Scotus,
329 2744 381 2776 De
405 2743 554 2781 Anima,
583 2753 616 2784 q.
646 2744 705 2781 15;
744 2742 797 2775 De
822 2743 960 2775 Rerum
985 2743 1116 2781 Princ„
1152 2752 1183 2782 q.
1212 2744 1241 2782 7,
1269 2751 1300 2775 a.
1329 2743 1364 2780 23
1402 2743 1467 2774 sed
1498 2742 1560 2774 cfr.
1593 2742 1785 2774 Franzislc.

126 2797 290 2836 Studien,
310 2797 364 2836 III,
387 2797 452 2829 400
472 2803 538 2834 ss.;
564 2797 688 2828 Henr.
705 2796 847 2835 Gand.,
873 2796 1004 2835 Quodl.
1025 2796 1080 2834 IV,
1104 2805 1136 2836 q.
1160 2796 1218 2834 16;
1246 2795 1417 2828 Godeir.
1434 2795 1483 2827 de
1502 2795 1630 2833 Font.,
1655 2795 1785 2834 Quodl.

126 2850 180 2890 ΙΙΙ,
207 2851 243 2889 3;
282 2850 621 2889 Montefortino,
656 2849 710 2888 III,
739 2849 804 2881 468
826 2855 891 2887 ss.;
929 2849 1096 2881 videatur
1122 2849 1229 2881 etiam
1265 2849 1361 2889 apud
1394 2849 1564 2887 Bonav.,
1595 2847 1659 2888 Op.
1687 2856 1785 2880 omn.

125 2903 164 2942 ΙΙ,
192 2903 235 2935 92
256 2912 304 2935 ss.
332 2900 542 2941 (Scholion).

264 2954 279 2977 2
304 2955 411 2988 Gilb.
438 2955 610 2993 Porret,
638 2953 706 2986 Sex
731 2955 850 2986 Princ.
877 2954 964 2992 Lib„
991 2963 1070 2994 cap.
1100 2955 1129 2986 1.
1179 2954 1248 2986 Cir.
1277 2954 1418 2993 Arist.⁷
1445 2953 1497 2985 De
1523 2953 1662 2985 Anima
1686 2953 1739 2992 ΙΙΙ,
1767 2953 1785 2984 4

127 3006 172 3047 (1.
197 3016 285 3040 com.
313 3007 355 3046 5).
497 3006 513 3029 3
537 3008 589 3040 De
612 3006 751 3039 Anima
775 3007 829 3046 ΙΙΙ,
854 3008 872 3039 4
899 3005 1001 3046 (text.
1029 3006 1096 3045 15).

265 3058 280 3081 ‘³
304 3060 416 3092 Dom.
445 3060 585 3099 Gund.,
612 3060 663 3092 De
691 3060 834 3092 Unitate
858 3061 893 3092 et
919 3060 1006 3097 Uno,
1034 3069 1116 3101 pag.
1144 3060 1173 3098 6,
1202 3060 1347 3092 20—22.
