2095 3459
114 2268 174 2300 fol.
197 2268 266 2300 37¹·
279 2275 302 2299 a

316 189 358 223 22
828 190 849 222 J
853 190 1007 222 ohannis
1034 190 1201 222 Pechami
1228 190 1480 227 Quaestiones.

456 287 659 332 Amplius:
695 287 747 323 ad
775 287 853 323 hoc
881 288 945 323 est
971 288 1141 323 verbum
1167 286 1515 328 Avicennae1‚
1543 287 1639 333 quia
1664 288 1769 329 dicit,
1802 289 1911 333 quod
1937 289 1993 325 in-

315 346 504 382 tellectus
532 347 672 391 potest
697 346 928 391 intelligere
955 346 1072 391 plura
1098 346 1365 392 intelligibilia
1391 346 1550 382 infinita
1570 347 1717 383 virtute
1738 347 1883 389 activa,
1911 358 1993 384 non

316 406 472 441 tantum
498 405 679 450 passive,
707 405 812 441 sicut
839 405 934 450 hyle
963 405 1071 450 capit
1095 405 1260 441 formas.

585 488 766 524 Tertio
794 497 857 524 ex
883 488 1094 524 ratione
1122 488 1388 524 desiderii
1414 489 1720 529 naturalis²‚

317 559 410 603 quia
447 559 604 604 appetit
642 559 950 595 beatitudinem.
1001 559 1218 595 Beatitudo
1257 562 1393 596 autem
1431 560 1625 596 convenit
1666 560 1706 596 in
1738 560 2030 605 perfectione-²»

315 618 478 654 animae
530 628 583 654 ex
628 618 883 663 plenitudine
928 619 1113 655 veritatis
1168 621 1209 654 et
1258 619 1452 655 bonitatis
1507 619 1575 655 vel
1625 619 1903 662 iucunditatis,
1953 622 1996 656 ut

316 677 455 713 dicunt
482 677 605 713 etiam
633 678 904 722 philosophi-⁹³,
942 679 982 714 et
1007 679 1118 720 <est>
1146 679 1275 714 status
1304 678 1483 714 omnium
1509 679 1710 714 bonorum
1736 678 1775 714 in
1800 688 1996 725 aggrega-

317 737 427 772 tione
467 736 687 781 perfectus,
727 738 769 772 ut
807 737 947 773 dicunt
984 737 1216 783 theologici.
1269 738 1328 773 Ad
1375 739 1451 773 hoc
1490 738 1626 774 autem
1653 738 1749 773 nihil
1777 740 1840 773 est
1866 739 1995 784 magis

316 795 599 831 necessarium
627 805 747 841 quam
768 796 1064 838 immortalitas,
1092 797 1197 832 sicut
1216 797 1312 833 nihil
1335 797 1464 843 magis
1485 797 1730 833 contrarium
1753 806 1873 842 quam
1895 807 1996 833 mor-

316 854 464 890 talitas.
508 854 615 900 Ergo
636 864 814 891 necesse
837 856 902 891 est
921 856 1096 892 animam
1125 857 1175 892 ad
1203 857 1281 892 hoc
1309 857 1536 892 ordinatam
1559 866 1666 895 esse,
1695 858 1736 892 ut
1760 856 1996 892 felicitatem
2021 861 2050 887 10

316 914 637 950 Intellectualem
665 915 849 950 obtineat
877 916 917 950 et
944 915 1158 959 possideat
1185 916 1273 951 sine
1300 916 1395 952 fine.

455 973 503 1009 Et
524 976 588 1009 est
600 974 704 1009 ratio
728 974 797 1010 An
813 985 830 1010 s
846 975 890 1010 el
906 975 966 1009 mi
994 976 1036 1010 ut
1057 975 1206 1010 dictum
1229 976 1319 1010 est4
1345 975 1555 1019 Monoloy.
1577 976 1632 1011 69.
1671 974 1718 1010 Et
1738 975 1778 1010 in
1799 974 1997 1020 principio

318 1033 490 1068 secundi
515 1032 606 1069 libri
635 1033 742 1076 „Cur
766 1034 877 1069 Deus
905 1035 1032 1069 homo
1044 1033 1110 1069 ?“‹'*
1136 1033 1283 1079 inquit:
1323 1035 1419 1070 ldeo
1451 1035 1572 1070 homo
1605 1034 1816 1070 rationalis
1845 1035 1918 1075 est,
1957 1036 1999 1070 ut

318 1092 527 1128 discernat
553 1092 658 1128 inter
685 1093 834 1128 iustum
873 1095 913 1128 et
948 1093 1151 1129 iniustum.
1203 1093 1244 1128 In
1282 1103 1431 1129 vanum
1468 1094 1607 1129 autem
1642 1093 1898 1129 discerneret
1933 1093 1998 1128 vel

318 1151 582 1187 discernendi
609 1153 859 1196 potestatem
888 1153 1070 1191 haberet,
1109 1152 1141 1187 si
1170 1153 1396 1188 secundum
1424 1152 1715 1188 discretionem
1743 1161 1824 1188 non
1852 1152 2000 1188 vitaret
2021 1157 2052 1181 15

319 1212 359 1246 et
385 1212 553 1246 amaret.
606 1211 666 1247 Ad
695 1212 773 1247 hoo
800 1212 920 1257 igitur
946 1211 1055 1247 facta
1082 1214 1155 1251 est,
1190 1213 1232 1247 ut
1258 1221 1457 1247 summum
1486 1213 1636 1248 bonum
1664 1211 1851 1257 diligeret
1877 1221 2000 1257 super

319 1270 466 1306 omnia.
518 1270 635 1310 Quod
663 1270 793 1306 Deum
822 1271 999 1307 dedecet
1026 1271 1062 1307 ei
1084 1271 1246 1307 auferre
1267 1273 1361 1314 <aut
1381 1272 1649 1313 concedere),
1683 1272 1725 1307 ut
1748 1271 1838 1316 ipsa
1858 1273 2001 1316 posset

321 1330 468 1374 sponte
496 1330 706 1366 deserere.
757 1330 862 1376 Ergo
892 1332 966 1366 etc.

596 1413 722 1449 Item
751 1424 813 1449 ex
838 1414 1052 1450 ratione
1080 1414 1300 1449 virtutis
1330 1414 1714 1458 proficientis&

461 1483 597 1520 Virtus
626 1484 735 1520 enim
763 1494 863 1529 pure
891 1485 1142 1521 intellectiva
1168 1485 1207 1522 in
1248 1485 1416 1521 senibus
1456 1487 1519 1521 est
1558 1485 1764 1530 potentior
1802 1495 1922 1530 quam
1961 1485 2000 1521 in
2020 1493 2054 1518 20

321 1542 540 1579 iuvenibus
552 1545 577 1578 ⁷.
1370 1542 1372 1545 ’

462 1601 579 1642 Quod
607 1604 744 1639 autem
772 1604 896 1649 aliqui
924 1614 1049 1640 senes
1078 1605 1262 1645 delirant,
1303 1607 1366 1641 est
1405 1615 1458 1640 ex
1490 1604 1677 1640 laesione
1706 1604 1858 1650 organi,
1899 1604 2002 1640 sicut

321 1661 443 1697 etiam
471 1663 639 1707 propter
665 1662 744 1698 hoc
771 1663 944 1699 iuvenes
973 1664 1068 1699 sunt
1093 1664 1320 1705 fraenetici‚
1348 1664 1454 1709 quod
1482 1673 1574 1699 raro
1602 1663 1760 1699 accidit.

462 1721 598 1757 Virtus
627 1722 736 1758 enim
763 1723 984 1759 indicativa
1011 1724 1052 1759 et
1078 1724 1289 1760 inventiva
1314 1723 1447 1769 potior
1473 1724 1537 1759 est
1563 1723 1603 1758 in
1625 1723 1792 1758 senibus
1815 1732 1935 1767 quam
1962 1722 2000 1758 in

321 1781 551 1823 iuvenibus,
579 1782 765 1826 quamvis
794 1783 1101 1827 apprehensiva
1128 1784 1194 1819 vel
1221 1782 1501 1823 memorativa,
1529 1791 1634 1827 quae
1662 1781 1790 1827 magis
1818 1781 2002 1827 indigent
2022 1788 2055 1813 25

321 1840 498 1885 organis,
526 1840 608 1876 sint
635 1841 916 1886 expeditiores
937 1842 977 1877 in
998 1842 1228 1878 iuvenibus.
1273 1842 1391 1878 Unde
1418 1842 1458 1877 in
1484 1840 1581 1877 Job
1606 1840 1673 1876 XII
1693 1840 1789 1885 (12):
1819 1840 1882 1883 „In
1903 1840 2003 1876 anti-

321 1899 410 1944 quis
440 1901 504 1935 est
531 1899 737 1945 sapientia
764 1901 804 1936 et
831 1901 870 1936 in
899 1902 1023 1937 multo
1051 1903 1237 1947 tempore
1264 1901 1514 1946 prudentia.“
1567 1899 1671 1940 Quia
1701 1899 1822 1946 igitur
1853 1899 2003 1936 Iudica-

321 1958 405 1994 tiva
444 1959 485 1994 et
522 1959 736 1996 inventiva
775 1962 869 1996 sunt
907 1960 947 1996 in
987 1961 1197 1997 intellectu
1235 1971 1308 2006 per
1347 1959 1760 1996 communicationem
1792 1960 1842 2000 ad
1870 1959 2002 1995 lucem

321 2019 547 2056 aeternam,
576 2019 705 2064 magis
734 2020 875 2065 vigent
901 2020 940 2055 in
970 2020 1150 2059 senibus,
1177 2020 1217 2056 in
1245 2020 1390 2065 quibus
1417 2019 1506 2064 plus
1536 2019 1599 2055 est
1624 2018 1797 2054 luminis.

464 2077 580 2117 Quod
609 2080 744 2113 autem
774 2088 901 2114 canes
942 2080 982 2115 et
1019 2080 1101 2124 lupi
1139 2079 1360 2116 astutiores
1388 2078 1577 2114 videntur
1614 2077 1780 2123 antiqui.
1819 2087 1901 2113 non
1940 2078 2004 2113 est
2022 2083 2055 2108 30

322 2136 402 2171 nisi
427 2137 596 2188 propter
623 2137 973 2181 experientiarum
999 2138 1376 2183 multiplicationem
1404 2138 1445 2174 et
1471 2147 1553 2173 non
1575 2137 1800 2173 secundum
1822 2145 2003 2173 cremen-

322 2196 406 2231 tum
432 2196 632 2231 acuminis
661 2197 701 2232 et
727 2196 1046 2238 illuminationis,
1086 2198 1190 2233 sicut
1228 2197 1351 2233 etiam
1389 2197 1428 2232 in
1469 2196 1750 2235 daemonibus,
1789 2195 1829 2231 in
1857 2195 2002 2240 quibus

323 2254 562 2291 illuminatio
588 2256 655 2291 vel
681 2265 857 2292 acumen
884 2266 968 2292 non
996 2257 1155 2294 crescit.
1183 2257 1257 2293 sed
1277 2259 1289 2299 Η
1308 2255 1514 2293 decrescit
1540 2256 1681 2301 magis,
1709 2256 1750 2291 et
1769 2256 1907 2291 tamen
1935 2264 2004 2291 ex-

321 2313 526 2359 perientia
551 2315 772 2351 astutiores
799 2315 907 2352 facit.

465 2419 484 2451 6
512 2419 749 2459 plenitudine]
775 2419 1041 2459 pulchritudine
1140 2421 1180 2452 17
1208 2420 1310 2457 Quod
1325 2420 1437 2452 Deum
1452 2419 1615 2458 dedecet!
1644 2419 1739 2459 quod
1765 2419 1811 2451 sit
1836 2419 2003 2451 dilectum

324 2473 361 2503 ut
386 2472 501 2504 Deum
528 2472 674 2504 deceret
791 2473 831 2505 19
859 2472 1097 2513 proficientis]
1133 2473 1357 2514 perficientis
1472 2474 1514 2505 23
1542 2472 1650 2513 quod}
1687 2473 1771 2513 quia
1883 2472 1926 2504 26
1953 2472 2002 2504 iu-

324 2524 491 2564 venibus]
518 2525 666 2558 senibus
753 2525 825 2564 ΧΠ]
852 2526 944 2558 XXII

467 2631 480 2654 1
506 2632 542 2664 L.
569 2642 597 2665 c.
624 2633 697 2670 (VI.
724 2633 809 2665 Nat.
836 2632 878 2672 V,
906 2632 950 2672 2).

465 2685 479 2706 2
506 2686 680 2723 Bonav.,
712 2686 778 2726 Op.
806 2694 906 2718 omn.
934 2686 971 2725 ΙΙ,
1001 2688 1065 2719 459
1087 2696 1109 2719 a
1134 2685 1169 2725 (5
1197 2687 1232 2719 et
1258 2686 1304 2725 6).
1355 2686 1444 2719 Vide
1472 2686 1519 2718 ibi
1545 2687 1665 2718 notam
1693 2687 1723 2718 2.

465 2738 480 2760 3
506 2739 576 2771 Cir.
603 2739 838 2776 Boethius,
866 2739 917 2771 De
946 2739 1053 2772 Cous.
1081 2739 1134 2778 111,
1162 2748 1273 2780 prosa
1299 2740 1329 2772 2.
1382 2739 1593 2778 „Beatitudo
1624 2740 1680 2771 est
1706 2739 1820 2771 status
1847 2746 2001 2771 omnlum

326 2792 500 2824 bonorum
527 2793 814 2833 congregatione
841 2791 1060 2833 perfectus“.

466 2844 479 2866 4
506 2845 576 2877 Cir.
605 2854 639 2885 p.
670 2846 720 2884 17,
749 2847 871 2878 notam
899 2847 929 2878 5.
1064 2845 1078 2867 5>
1104 2846 1141 2884 11,
1172 2846 1187 2877 1
1216 2844 1287 2884 (PL
1314 2846 1390 2884 158,
1419 2845 1509 2884 400).
1556 2846 1633 2878 Non
1660 2845 1782 2878 stricte
1808 2846 1854 2878 ad
1880 2845 2001 2881 verba.

466 2897 480 2918 ‘³
506 2899 683 2937 Bonav.‚
714 2899 780 2938 Op.
809 2908 908 2931 omn.
936 2899 974 2938 ΙΙ,
1003 2899 1069 2931 459
1090 2898 1111 2931 b
1137 2898 1172 2937 (9
1201 2900 1236 2931 et
1264 2895 1331 2940 10).

467 2949 481 2972 7
508 2951 578 2983 Cir.
606 2951 693 2983 Job
721 2952 789 2990 XII,
820 2952 871 2984 12.
926 2953 984 2990 „In
1012 2952 1169 2991 antiquis
1197 2952 1252 2983 est
1278 2951 1460 2992 sapientia
1486 2952 1522 2983 et
1546 2952 1582 2983 in
1607 2951 1717 2983 multo
1737 2952 1901 2992 tempore
1921 2959 2002 2992 pru-

327 3004 482 3036 dentia⁴‘.
534 3004 624 3036 Vide
651 3004 760 3037 etiam
787 3004 936 3043 Arist,
965 3005 1016 3037 De
1043 3005 1175 3037 anima
1200 3004 1223 3043 Ι,
1252 3005 1269 3036 4
1297 3003 1400 3044 (text.
1429 3004 1471 3036 65
1498 3000 1610 3046 seq.);
1646 3004 1826 3036 Problem.
1853 3004 1955 3041 XXX,
1983 3004 2002 3036 5

327 3056 389 3094 (4).
439 3057 682 3096 Avicenna,
711 3058 790 3090 loco
817 3058 966 3099 saepius
992 3057 1124 3099 legato,
1152 3066 1183 3089 v.
1212 3066 1244 3098 g.
1272 3057 1329 3089 hic
1355 3057 1441 3089 nota
1470 3057 1496 3089 1.
