2095 3459
801 196 974 236 Quaestio
1002 196 1118 231 xxiv
1736 191 1801 229 174)

261 294 291 330 2.
320 294 379 330 Ad
409 296 633 331 secundum
663 297 878 332 dicendum
913 297 1032 341 quod
1072 296 1166 331 licet
1205 295 1346 331 videre
1387 295 1516 331 Deum
1556 295 1609 330 sit
1647 294 1800 330 habere

121 335 262 399 ipsum,
302 364 382 389 non
420 355 558 390 tamen
595 355 725 399 ipsum
763 349 916 391 habere
950 357 1013 391 est
1046 354 1290 395 beatificum,
1331 354 1408 390 nisi
1436 354 1662 390 secundum
1692 354 1798 398 quod

120 422 320 458 praesens
348 413 509 449 videtur
534 413 584 449 ad
612 414 837 450 fruendum.
890 414 921 449 U
927 415 1005 450 nde
1034 415 1073 449 et
1100 414 1311 450 beatitudo
1340 422 1517 449 erronea
1542 413 1800 458 peccantium

122 482 203 508 non
231 472 270 507 in
300 473 375 508 hoc
403 473 601 513 consistit,
635 473 744 517 quod
771 474 924 509 habent
951 483 1067 509 suum
1095 473 1386 509 desideratum.
1426 473 1499 508 sed
1528 473 1624 517 quia
1650 473 1803 508 habent

85 531 253 576 5ipsum
290 532 341 567 ad
378 532 592 568 fruendum
631 542 703 577 pro
741 533 852 568 libito
890 542 976 568 suo.
1035 531 1154 568 Unde
1191 532 1325 577 Hugo
1363 532 1459 567 dicit
1495 531 1636 568 haberi
1672 531 1801 567 Deum

121 591 332 626 amando¹.

260 651 292 685 3.
318 649 365 685 Et
391 650 450 685 sic
476 651 589 694 patet
615 651 665 685 ad
694 650 865 686 tertium.

260 709 293 743 4.
320 709 381 744 Ad
409 710 595 753 quartum
624 709 839 745 dicendum
867 710 975 754 quod
1003 710 1208 754 appetitus
1236 709 1453 745 dominans
1484 718 1558 745 suo
1585 709 1694 745 actui
1720 719 1803 745 non

124 767 318 803 convenit
345 767 423 802 nisi
450 769 665 803 creaturae
691 768 916 804 rationali2.
966 767 1013 803 Et
1052 768 1130 804 hoe
1169 770 1232 803 est
1271 768 1513 804 altissimum
1550 769 1590 804 in
1626 769 1803 804 homine.

72 829 104 855 ¹0
122 826 165 862 In
194 826 376 871 appetitu
403 828 538 862 autem
567 828 771 863 communi
798 827 916 863 nobis
945 828 985 863 et
1008 827 1134 863 brutis
1157 837 1239 863 non
1262 828 1326 863 est
1345 827 1555 863 beatitudo
1578 828 1803 863 secundum

124 885 405 925 substantiam.
433 886 507 921 sed
534 895 608 930 per
634 886 947 922 redundantiam
974 887 1025 922 ab
1052 886 1261 922 intellectu
1288 886 1329 922 in
1357 895 1535 922 carnem.

263 946 294 980 5.
323 945 383 981 Ad
421 945 603 990 quintum
640 946 857 981 dicendum
894 946 1003 990 quod
1039 945 1261 990 appetibile
1295 955 1375 981 non
1411 955 1577 991 semper
1602 946 1714 990 prius
1742 947 1806 982 est

123 1004 305 1049 appetitu
334 1004 372 1040 in
401 1005 489 1049 ipso
517 1006 749 1049 appetente,
789 1015 825 1040 v,
852 1015 888 1050 g.
916 1014 1006 1040 cum
1033 1014 1162 1050 aeger
1193 1005 1405 1040 desiderat
1437 1005 1668 1046 sanitatem,
1707 1005 1805 1041 item

125 1064 320 1110 ignorans
348 1063 504 1108 appetit
531 1063 756 1103 scientiam,
784 1065 824 1099 et
843 1064 1004 1108 partum
1024 1064 1173 1099 mentis
1194 1063 1407 1108 praecedit
1427 1064 1645 1108 appetitus.
1686 1064 1806 1100 Unde

75 1130 104 1154 ¹⁵
125 1122 377 1167 appetitibile
405 1132 486 1158 non
515 1132 680 1167 semper
708 1124 770 1159 est
796 1123 907 1168 prius
935 1123 1118 1167 appetitu
1146 1123 1222 1158 nisi
1248 1123 1314 1158 vel
1342 1123 1380 1158 in
1410 1132 1537 1158 causa
1572 1133 1647 1159 sua
1672 1124 1739 1160 vel
1766 1124 1804 1159 in

125 1182 475 1226 apprehendente.
525 1181 573 1217 Et
599 1182 658 1218 sic
685 1182 894 1218 beatitudo
922 1181 1063 1218 ‘creata
1088 1182 1423 1226 apprehenditur,
1456 1184 1499 1217 ut
1525 1183 1589 1218 est
1615 1182 1654 1218 in
1681 1183 1807 1218 beati-

126 1241 265 1276 tudine
293 1241 477 1277 increata
504 1241 734 1281 causaliter,
762 1242 802 1277 et
829 1241 887 1277 sic
914 1241 1129 1286 appetitur.

265 1301 298 1336 6.
325 1300 386 1336 Ad
414 1301 576 1336 sextum
603 1300 819 1336 dicendum
849 1301 958 1345 quod
985 1301 1187 1345 appetens
1220 1300 1517 1336 beatitudinem
1551 1301 1708 1346 appetit
1738 1303 1808 1338 bo-

127 1370 220 1395 num
249 1359 496 1400 universale,
531 1369 615 1395 non
642 1360 773 1395 solum
800 1360 841 1395 in
867 1360 1078 1395 voluntate
1106 1360 1333 1395 secundum
1361 1360 1469 1403 quod
1496 1360 1711 1404 appetitur.
1760 1360 1809 1396 Et

55 1414 221 1455 “wideo
259 1418 325 1454 hic
363 1419 427 1454 est
462 1418 626 1454 Fallacia
660 1419 884 1455 accidentis
921 1419 1026 1454 sicut
1060 1418 1145 1454 hie:
1185 1418 1374 1463 „Appetit
1401 1428 1497 1454 esse
1523 1419 1651 1455 albus.
1700 1419 1807 1466 Ergo

127 1478 282 1523 appetit
320 1487 415 1513 esse
450 1478 710 1514 monachus.“
768 1477 869 1514 Item
907 1479 1110 1522 appetens
1148 1477 1446 1514 beatitudinem
1483 1478 1640 1523 appetit
1677 1479 1807 1523 primo

127 1538 280 1573 bonum
304 1536 551 1573 beatificum.
601 1536 648 1572 Et
675 1537 770 1582 quia
796 1537 891 1573 illud
918 1546 1001 1573 non
1028 1537 1202 1572 habetur
1229 1537 1307 1572 nisi
1333 1537 1522 1578 amando,
1552 1538 1708 1582 appetit
1734 1548 1809 1583 per

129 1605 392 1641 consequens
419 1595 715 1641 plenitudinem
741 1596 892 1631 amoris
919 1595 1091 1631 fruentis
1112 1597 1261 1631 amato.
1299 1595 1419 1631 Unde
1437 1598 1553 1632 actus
1575 1597 1808 1635 voluntatis.

129 1664 254 1700 super
279 1664 399 1700 quem
426 1654 662 1695 reflectitur,
701 1656 765 1690 est
791 1654 894 1690 alius
921 1655 972 1691 ab
1000 1656 1092 1691 actu
1125 1654 1381 1695 reflexionis,
1421 1654 1525 1690 sicut
1560 1655 1808 1691 desiderium

75 1722 110 1748 25
130 1714 365 1759 quaerentis
393 1713 529 1749 differt
554 1714 605 1761 ab
632 1723 772 1750 amore
798 1714 983 1750 fruentis.

268 1774 299 1808 7.
326 1773 385 1809 Ad
416 1772 633 1818 septimum
661 1773 878 1809 dicendum
897 1775 911 1815 11
930 1773 1038 1818 quod
1064 1772 1319 1809 intellectiva
1345 1773 1410 1808 est
1440 1772 1642 1808 altissima
1667 1774 1809 1817 poten-
1830 1777 1891 1809 rol.
1919 1778 2021 1809 37²'b

130 1832 285 1873 tiarum,
313 1842 396 1868 non
417 1832 642 1868 secundum
664 1833 771 1877 quod
793 1832 888 1868 dicit
908 1833 1064 1868 tantum
1084 1832 1166 1868 vim
1187 1832 1547 1877 apprehensivam,
1572 1833 1646 1868 sed
1667 1842 1810 1868 secun-

130 1892 224 1927 dum
251 1892 359 1936 quod
387 1891 482 1927 dicit
507 1892 636 1927 totum
664 1891 857 1937 quidquid
885 1893 949 1927 est
973 1892 1013 1927 in
1041 1892 1322 1928 sensualitate.

269 1951 301 1986 8.
329 1950 391 1986 Ad
417 1951 609 1986 octavum
636 1950 854 1986 dicendum
881 1951 989 1995 quod
1016 1950 1347 1995 Philosophus
1376 1960 1585 1995 nunquam
1611 1951 1734 1995 plene
1754 1951 1811 1987 in-

79 2017 112 2041 :30
131 2009 289 2045 tellexit
314 2019 456 2045 veram
481 2009 777 2045 beatitudinem
804 2019 900 2046 esse
927 2009 968 2045 in
996 2010 1292 2054 speculatione,
1320 2010 1547 2045 secundum
1577 2011 1686 2055 quod
1713 2010 1812 2045 divi-

132 2069 239 2104 ditur
276 2070 420 2104 contra
458 2068 707 2104 exteriorem
745 2069 952 2105 actionem
992 2070 1032 2105 et
1071 2070 1300 2105 secundum
1338 2069 1447 2113 quod
1474 2068 1564 2105 Deo
1604 2069 1809 2105 convenit.

132 2127 296 2163 Certum
317 2128 382 2163 est
401 2128 539 2163 autem
561 2128 669 2172 quod
695 2127 804 2172 ipse
830 2127 956 2164 idem
983 2128 1079 2164 dicit
1104 2128 1226 2164 alibi3
1247 2128 1355 2172 quod
1378 2128 1608 2173 intelligere
1630 2128 1810 2164 divinum

134 2187 198 2222 est
235 2186 312 2222 sibi
349 2186 641 2231 voluptuosum
681 2188 722 2222 et
760 2187 1016 2223 delectabile.
1067 2186 1301 2223 Secundum
1334 2187 1445 2222 illum
1479 2186 1601 2232 igitur
1627 2187 1812 2231 specula—

133 2245 287 2281 tionem
314 2246 494 2287 so<nat>,
532 2246 640 2290 quod
673 2255 750 2281 nos
778 2255 975 2282 vocamus
1012 2245 1413 2290 contemplationem.
1466 2244 1581 2285 Quae
1608 2255 1690 2281 non
1719 2255 1812 2281 con-

81 2309 114 2333 35
135 2304 240 2340 sistit
265 2304 306 2339 in
334 2304 424 2340 sola
450 2304 696 2349 cognitione,
724 2304 799 2340 sed
824 2304 955 2350 magis
982 2304 1022 2340 in
1050 2304 1272 2340 dilectione
1300 2303 1541 2348 sapientiae.

273 2364 306 2398 9.
332 2362 394 2398 Ad
429 2372 582 2398 nonum
621 2363 837 2398 dicendum
876 2364 984 2409 quod
1024 2363 1283 2399 Avicenna
1319 2363 1472 2398 ibidem
1511 2362 1577 2398 IX.
1603 2362 1813 2407 Metaph.4

135 2431 217 2457 non
244 2421 339 2457 dicit
364 2420 663 2466 perfectionem
690 2421 921 2457 consistere
948 2421 989 2457 in
1016 2422 1263 2467 cognitione,
1296 2431 1441 2457 verum
1467 2421 1508 2456 in
1536 2421 1812 2457 delectatIOne

135 2480 410 2516 intellectuali.
460 2479 522 2515 Ad
549 2489 670 2524 quam
697 2489 780 2515 non
813 2480 1021 2519 allicimur,
1061 2480 1194 2516 donec
1229 2489 1487 2524 apponamus
1523 2489 1548 2515 a
1582 2480 1811 2516 cervicibus

278 2591 318 2622 17
347 2588 544 2630 appetitur]
583 2590 769 2630 appetitus
878 2589 920 2621 33
950 2589 1152 2621 Secundum
1181 2588 1292 2628 illum]
1328 2598 1467 2621 summe
1576 2589 1619 2621 34
1646 2588 1812 2628 so<nat>1

138 2653 178 2676 so
207 2643 244 2681 -l-
274 2643 415 2675 lacuna

278 2754 290 2776 1
316 2755 451 2795 Expos.
478 2755 517 2787 in
543 2754 645 2786 Hier.
672 2754 776 2792 Eccl„
809 2754 867 2786 lib.
896 2754 958 2785 111:
998 2754 1094 2792 „illic
1129 2755 1249 2786 autem
1288 2754 1349 2794 qui
1384 2754 1481 2786 amat
1517 2753 1702 2794 possidet“
1742 2753 1813 2793 (PL

141 2809 216 2847 175,
244 2807 331 2846 982;
358 2808 421 2839 cir.
448 2807 579 2839 ibidem
608 2807 696 2839 1035
721 2806 775 2846 B).

276 2859 291 2881 2
317 2860 387 2892 Cfr.
413 2859 559 2898 Arist,
595 2860 648 2892 De
671 2859 811 2892 Anima
836 2859 890 2897 ΙΙΙ,
917 2859 937 2891 9
973 2857 1074 2897 (text.
1103 2857 1178 2897 42);
1221 2859 1307 2899 Top.
1334 2858 1389 2896 IV,
1419 2860 1455 2897 53
1493 2858 1812 2898 Damascenus,

138 2914 191 2946 De
215 2913 305 2945 Fide
332 2912 433 2945 Orth.
460 2912 513 2951 ΙΙΙ,
542 2913 595 2951 14,
624 2912 677 2944 18.

278 2964 294 2987 3
320 2965 479 3005 Metaph.
516 2965 569 3003 ΧΙ,
607 2966 647 2997 7:
687 2961 960 3007 ,,Ἐγρηγορσις,
999 2960 1189 3004 αἴσθησις.
1228 2963 1356 3004 νόησις
1393 2960 1551 3004 ἥδιστον.
1692 2960 1743 2993 Η
1775 2961 1813 2994 δὲ

843 3017 850 3026 e
887 3015 894 3025 s
934 3015 943 3025 9
980 3015 988 3025 ι

280 3070 356 3102 4L.
384 3079 412 3102 c.
439 3071 474 3102 in
500 3070 643 3109 notati,
670 3079 704 3110 p.
735 3071 808 3102 171.
1624 3114 1691 3147 ¹2*
