2095 3459
124 313 173 348 D.
192 311 315 349 XVII.

334 201 401 236 144
846 201 1022 233 Johannis
1048 200 1217 233 Pechami
1243 198 1494 237 Quaestiones.

507 310 677 347 Solutio
705 309 992 346 obiectorum
1019 308 1325 354 <quaestionis
1351 308 1562 344 decimae
1589 307 1849 352 septimae>.

473 383 503 417 1.
531 381 593 417 Ad
620 380 783 417 obiecta
808 380 849 416 in
876 379 1123 416 contrarium
1149 379 1378 420 dicendum,
1405 379 1446 414 et
1470 378 1601 423 primo
1625 378 1724 419 <ad>
1745 377 2009 414 auctoritates

334 442 384 477 de
404 440 529 477 radiis
549 440 757 476 oculorum
772 439 839 475 vel
859 439 1031 475 aliorum
1051 447 1268 483 corporum
1288 437 1539 479 caelestium,
1555 437 1664 482 quod
1678 437 1852 473 radiatio
1872 446 2009 472 rerum

333 500 514 546 pertinet
539 499 591 535 ad
616 498 697 535 loci
724 498 1003 534 mutationem.
1053 497 1193 533 Nullus
1229 496 1337 532 enim
1372 497 1547 541 punctus
1582 496 1683 532 lucis
1718 496 1847 532 mutat
1876 496 2008 531 locum

336 569 466 601 suum,
504 567 594 594 cum
622 557 674 593 sit
699 557 904 593 accidens.
955 556 1037 593 Sed
1063 557 1104 592 et
1128 555 1338 592 irradiatio
1366 556 1429 591 est
1455 555 1644 591 alteratio
1671 564 1753 591 non
1787 555 1864 596 illa,
1903 564 2009 599 quae
2029 561 2045 586 5

333 618 496 654 111011111
523 616 757 654 obiectione
793 615 969 652 extremi
1003 614 1206 657 contrarii,
1245 614 1473 650 cuiusmodi
1510 615 1573 650 est
1611 613 1826 650 calefactio
1865 623 2010 658 aquae,

335 677 408 714 sed
435 677 499 713 031
520 675 707 712 alteratio
729 674 916 720 simplex,
942 675 1100 711 habens
1121 674 1278 710 tantum
1300 682 1426 709 unum
1446 674 1686 715 extremum,
1713 672 1869 709 scilicet
1889 672 2011 718 adep—

333 737 487 773 tionem
513 734 792 781 periectionis.
842 733 963 770 quta
986 733 1095 778 quod
1122 732 1332 778 distinguit
1357 732 1710 777 Philosophusl
1735 731 1841 768 inter
1868 732 2011 767 altera-

334 795 480 837 tiones,
507 803 614 840 quae
640 794 734 830 sunt
758 793 800 829 in
826 792 1052 829 contrarias
1079 791 1380 837 dispositiones,
1407 792 1448 827 et
1469 791 1571 833 illas,
1598 800 1705 836 quae
1727 790 1879 826 suntin
1899 788 2010 825 habi-

333 856 417 891 tum
444 855 485 890 et
509 854 709 890 naturam.
758 852 807 888 Et
832 851 927 897 quia
952 861 1025 888 aer
1051 852 1115 887 est
1149 850 1374 896 dispositus
1408 850 1461 886 ad
1493 849 1656 886 luminis
1692 849 2008 894 susceptionem,
2030 855 2061 880 10

333 914 428 950 ideo
454 912 588 950 subito
614 912 753 958 potest
779 911 819 947 in
845 911 987 956 ipsum,
1026 911 1070 946 ut
1096 909 1234 946 dicunt
1259 909 1423 954 quidam
1434 911 1459 950 2,
1498 907 1670 944 diffundi
1702 908 1802 944 lucis
1827 907 2009 944 intentio.

334 973 422 1009 Non
448 973 512 1009 est
538 981 637 1017 ergo
665 970 796 1007 simile
823 969 874 1006 de
899 969 979 1006 loci
1005 969 1230 1005 mutatione
1269 968 1311 1004 et
1344 967 1619 1004 irradiatione.
1670 967 1840 1003 Videtur
1874 967 2011 1003 autem

335 1041 431 1068 esse
452 1030 623 1067 Intentio
644 1028 909 1075 Augustini
929 1028 1091 1069 ibidem,
1118 1027 1227 1073 quod
1247 1026 1457 1063 irradiatio
1477 1026 1613 1062 statim
1633 1026 1720 1068 <in>
1740 1025 1909 1062 instanti
1927 1025 2010 1061 fiat.

333 1090 395 1126 Ex
420 1090 500 1126 hoc
526 1089 634 1126 enim
660 1088 746 1125 vult
771 1088 960 1133 probare,
999 1087 1108 1132 quod
1135 1096 1213 1123 sex
1238 1085 1357 1131 primi
1382 1085 1470 1122 dies
1496 1094 1591 1121 esse
1617 1086 1838 1130 potuerunt
1863 1084 1904 1120 in
1930 1093 2011 1120 uno

335 1159 444 1185 nunc
469 1149 511 1185 in
538 1149 674 1184 mente
702 1147 899 1194 angelica,
926 1146 1032 1182 sicut
1056 1146 1169 1191 patet
1194 1145 1235 1181 in
1261 1145 1344 1181 fine
1371 1145 1504 1190 quarti
1528 1144 1666 1189 Super
1690 1144 1882 1180 Genesim
1892 1145 1915 1178 3.
2032 1148 2062 1173 15

475 1207 554 1244 Alii
578 1207 718 1243 tamen
743 1206 895 1248 volunt,
922 1206 966 1242 ut
990 1205 1231 1251 Magister
1256 1204 1652 1249 Perspectivae4,
1691 1203 1823 1239 lucem
1848 1203 1889 1238 in
1915 1204 2013 1239 tem-

336 1276 448 1312 pore,
474 1266 570 1302 licet
594 1264 916 1311 imperceptibili,
943 1264 1119 1300 radiare.
1169 1263 1286 1304 Quod
1314 1272 1413 1309 ergo
1435 1263 1531 1299 dicit
1550 1262 1874 1309 Augustinus:
1903 1262 2013 1305 „Non

337 1326 454 1362 citius
479 1324 668 1370 pervenit
692 1323 832 1360 radius
859 1324 970 1365 etc.“‚
1008 1323 1189 1368 intellige
1216 1322 1413 1367 quantum
1438 1321 1490 1358 ad
1516 1321 1826 1367 perceptionem
1854 1330 2012 1357 sensus.

336 1385 383 1421 Et
408 1385 487 1420 hoc
513 1383 676 1420 videtur
710 1383 848 1419 dicere
883 1381 1191 1428 Augustinus
1230 1381 1383 1417 ibidem
1420 1380 1563 1417 dicens
1601 1380 1739 1416 omnia
1775 1380 1844 1416 illa
1882 1380 2014 1425 spatia

337 1443 455 1479 simul
485 1442 660 1479 transiri.
710 1442 800 1478 Non
833 1441 940 1477 enim
973 1442 1047 1483 est,
1086 1440 1196 1486 quod
1226 1440 1339 1486 prius
1376 1440 1417 1476 et
1442 1440 1551 1485 quod
1577 1439 1782 1484 posterius
1807 1439 2012 1475 transitur.
2033 1442 2065 1467 2⁰

478 1503 509 1537 2.
537 1502 600 1538 Ad
626 1501 853 1537 secundum
879 1500 1097 1536 dicendum
1124 1499 1232 1544 quod
1258 1498 1363 1535 ictus
1389 1498 1536 1535 dicitur
1560 1507 1642 1534 una
1667 1498 1771 1534 radii
1805 1498 2012 1543 susceptio

338 1561 403 1596 vel
429 1570 512 1596 una
532 1560 709 1601 emissio,
737 1559 928 1604 quoniam
950 1558 991 1594 in
1011 1558 1190 1594 videndo
1217 1557 1413 1603 recipitur
1442 1557 1582 1594 radius
1610 1557 1672 1593 rei
1690 1556 1804 1593 visae
1822 1557 1862 1592 in
1883 1556 2012 1609 oculo,

339 1620 379 1656 et
403 1619 665 1655 nihilominus
693 1618 835 1655 oculus
860 1617 985 1653 habet
1010 1617 1168 1654 radium
1195 1626 1323 1658 suum,
1351 1625 1472 1661 quem
1499 1616 1644 1652 emittit
1668 1616 1711 1652 ut
1741 1616 2013 1661 splendorem,

338 1680 381 1715 ut
406 1678 502 1715 dicit
527 1677 854 1723 Philosophus
866 1679 891 1712 5.
940 1676 988 1712 Et
1013 1675 1153 1713 radius
1190 1675 1298 1712 oculi
1330 1674 1428 1711 facit
1464 1675 1818 1720 proportionatum
1855 1674 2014 1710 radium

338 1737 400 1774 rei
424 1737 596 1773 visibilis
622 1736 701 1782 ipsi
727 1736 858 1773 oculo.
907 1735 955 1771 Et
993 1735 1156 1780 quando
1195 1734 1378 1771 obruitur
1414 1734 1553 1770 radius
1592 1732 1698 1769 oculi
1735 1742 1760 1769 a
1796 1733 1911 1769 radio
1948 1732 2010 1768 rei
2030 1740 2063 1766 2⁵

337 1796 520 1838 visibilis,
555 1797 652 1832 tunc
677 1805 761 1832 non
788 1795 852 1831 est
877 1794 982 1830 visio
1009 1793 1203 1839 perfecta.
1254 1793 1449 1829 Iudicium
1483 1794 1619 1829 autem
1645 1793 1711 1828 vel
1745 1792 2013 1837 reprehensio

337 1855 398 1891 rei
424 1854 594 1891 visibilis
620 1854 879 1890 1101111111131
911 1855 952 1890 in
985 1855 1182 1899 tempore.
1232 1852 1349 1889 Unde
1384 1852 1425 1888 in
1460 1852 1586 1888 Libro
1613 1851 1662 1887 de
1694 1851 1790 1887 Visu
1824 1851 2013 1888 dicitursst

340 1914 520 1957 „Nullum
537 1913 720 1949 visorum
747 1913 864 1949 simul
883 1913 1046 1949 videtur
1065 1912 1204 1953 totum,
1231 1911 1392 1947 videtur
1410 1911 1548 1947 autem
1568 1909 1796 1946 visibilibus
1817 1909 2015 1945 velociter

339 1972 659 2018 transportatis.“

479 2032 511 2068 3.
537 2031 600 2067 Ad
625 2030 789 2067 tertium
815 2030 1033 2066 dicendum
1059 2030 1167 2075 quod
1187 2028 1472 2065 Ambrosius
1498 2028 1583 2064 vult
1608 2028 1745 2064 dicere
1772 2027 1904 2063 lucem
1930 2036 2013 2063 non
2033 2034 2066 2059 30

341 2099 437 2127 esse
463 2090 645 2127 creatam
670 2090 712 2125 in
738 2098 920 2131 numero,
958 2089 1143 2135 pondere
1179 2088 1220 2124 et
1253 2096 1448 2124 mensura
1478 2088 1522 2123 ut
1547 2088 1696 2128 cetera,
1736 2086 1831 2131 quia
1856 2086 1926 2121 lux
1952 2086 2015 2122 031

340 2149 547 2196 generalis
573 2149 706 2185 motor
733 2148 912 2184 omnium
937 2148 1171 2189 formarum,
1198 2147 1239 2183 et
1264 2146 1355 2191 ipsa
1380 2156 1405 2182 a
1430 2146 1540 2182 nulla
1566 2146 1755 2182 movetur
1773 2144 1906 2181 forma
1930 2153 2015 2181 cor-

340 2208 481 2253 porali,
508 2216 586 2244 nec
612 2208 675 2244 est
700 2207 781 2243 luci
805 2206 1018 2252 praefixus
1044 2206 1161 2242 limes
1190 2214 1291 2242 suae
1317 2204 1674 2250 multiplicationis.

481 2268 513 2303 4.
539 2266 601 2303 Ad
628 2267 816 2312 quartum
842 2265 1059 2302 dicendum
1087 2265 1194 2309 quod
1222 2273 1276 2300 ex
1308 2263 1581 2300 deiformitate
1613 2262 1843 2298 intellectus
1880 2261 2016 2306 potest

343 2326 461 2362 simul
486 2325 715 2372 intelligere
741 2325 867 2362 multa
891 2325 1060 2370 propter
1079 2333 1202 2361 unam
1222 2323 1425 2360 rationem
1445 2321 1710 2368 intelligendi,
1737 2330 1842 2366 quae
1864 2321 1927 2356 est
1946 2320 2015 2357 lux
2035 2327 2067 2351 35

342 2386 524 2421 aeterna.
572 2384 657 2420 Nec
682 2384 760 2420 hoc
785 2384 988 2430 repugnat
1013 2384 1185 2419 naturae
1211 2382 1271 2418 rei
1297 2381 1458 2418 mobiHs
1486 2381 1527 2417 01
1551 2379 1778 2425 imperfecti
1815 2379 1942 2415 creati
1977 2379 2016 2415 et

341 2443 445 2479 finiti
470 2443 650 2479 motoris.
700 2442 783 2478 Nec
810 2443 873 2478 est
899 2442 1032 2478 simile
1059 2442 1109 2478 de
1136 2441 1346 2477 intellectu
1384 2441 1424 2477 01
1461 2439 1657 2486 potentia,
1695 2438 1887 2484 quoniam
1922 2437 2016 2474 11001

342 2502 571 2539 intellectus
591 2502 829 2537 naturaliter
849 2511 931 2537 non
952 2500 1084 2546 possit
1103 2499 1332 2545 intelligere
1352 2499 1477 2535 multa
1497 2498 1626 2539 simul,
1640 2498 1777 2534 tamen
1796 2497 1847 2533 ad
1862 2496 1939 2532 hoc
1954 2496 2017 2531 est

343 2560 580 2597 naturaliter
601 2560 822 2602 ordinatus,
838 2560 942 2596 sicut
961 2560 1013 2596 ad
1033 2558 1159 2595 finem
1179 2558 1372 2599 ultimum,
1388 2557 1456 2604 qui
1473 2557 1592 2593 aliter
1609 2555 1751 2592 haberi
1769 2564 1852 2591 non
1868 2554 2014 2599 potest,

484 2653 503 2684 5
530 2653 566 2684 et
590 2651 790 2691 irradiatio]
817 2652 870 2684 est
894 2651 1012 2692 magis
1023 2647 1072 2692 (‘?)
1168 2649 1211 2682 20
1237 2648 1422 2688 transitur]
1461 2649 1498 2686 -1-
1534 2648 1763 2681 nihilominus
1795 2647 1930 2679 certum
1962 2651 2017 2682 est

345 2705 387 2737 23
403 2704 646 2745 splendorem]
661 2704 834 2745 splendor
905 2704 948 2736 39
965 2701 1219 2741 deiformitate]
1234 2702 1462 2734 deformitate
1535 2701 1576 2733 41
1595 2701 1649 2733 101
1662 2698 1816 2738 mobilis]
1831 2699 2016 2732 rationalis

484 2799 497 2821 1
521 2800 573 2832 De
598 2799 739 2832 Anima
763 2798 802 2838 II,
830 2799 860 2830 5.
1003 2795 1018 2818 2
1043 2797 1114 2830 Cir.
1140 2796 1311 2835 Bonav.,
1341 2795 1406 2836 Op.
1434 2804 1533 2827 omn.
1559 2795 1583 2833 I,
1611 2794 1676 2827 663
1703 2792 1764 2832 (ad
1792 2791 1835 2832 1).

484 2852 499 2874 3
523 2851 594 2891 (PL
620 2852 674 2891 34,
702 2852 768 2885 317
789 2850 854 2891 33.)
995 2848 1010 2871 4
1034 2849 1305 2888 Alhazenus,
1336 2848 1468 2889 Optica
1493 2848 1531 2887 II,
1560 2848 1601 2880 12
1629 2848 1665 2879 01
1692 2847 1744 2879 13.

486 2904 500 2926 5
525 2905 577 2937 De
601 2904 818 2943 Insomniis,
845 2912 924 2944 cap.
951 2903 999 2935 ΠΖ
1028 2899 1108 2942 ,,Οὐ
1135 2900 1254 2943 μόνον
1280 2899 1416 2942 πάσχει
1443 2910 1476 2930 τι
1507 2900 1528 2941 ἡ
1562 2898 1652 2942 ὄψις
1683 2897 1757 2929 ὑπὸ
1789 2900 1852 2929 τοῦ
1879 2897 2015 2942 ἀέρεος,

347 2954 451 2988 ἀλλὰ
477 2955 540 2988 καὶ
567 2959 671 2988 ποιεῖ
694 2967 727 2988 τι
753 2955 816 2987 καὶ
842 2957 949 2995 κινεῖ,
977 2953 1099 2998 ὥσπερ
1125 2952 1187 2984 καὶ
1215 2951 1256 2984 τὰ
1282 2950 1441 2997 λαμπρά
1478 2951 1541 2983 καὶ
1568 2950 1637 2995 γὰρ
1661 2952 1683 2993 ἡ
1711 2950 1799 2993 ὄψις
1826 2952 1897 2981 τῶν
1921 2947 2016 2992 λαμ-

348 3011 452 3052 πρῶν
478 3008 540 3040 καὶ
566 3008 729 3051 ἐχόντων
754 3007 919 3053 χρῶμα.“

485 3061 499 3084 ⁶
524 3062 700 3095 Euclidis.
751 3062 821 3095 Cir.
848 3060 1154 3098 Grosseteste,
1181 3068 1215 3100 p.
1244 3059 1321 3091 501.
