2095 3459
314 195 359 231 74
822 195 843 228 J
846 195 998 228 ohannis
1024 194 1191 228 Pechami
1218 195 1469 231 Quaestionos.

453 293 627 330 Pflmum
652 294 774 338 patet.
825 291 938 333 Quia,
965 293 1008 328 ut
1033 291 1129 328 dicit
1155 291 1552 333 Commentator1‚
1580 291 1770 328 iudicium·
1795 292 1834 328 in
1862 293 1980 328 nobis

315 355 378 390 est
418 354 573 389 tantum
615 352 839 387 secundum
882 350 1132 386 intellectum
1176 350 1439 386 materialem.
1512 350 1814 396 Augustinus
1860 351 1981 387 etiam

314 411 410 448 dicit
434 412 496 447 Ad
522 410 718 447 Orosium
745 420 781 454 q.
808 411 851 445 18
862 412 886 444 ².
939 409 1076 452 „Ratio
1104 411 1144 445 et
1169 409 1438 454 intelligentia
1470 409 1687 454 cogitando
1720 410 1890 456 aeterna
1921 410 1982 445 vir
2051 432 2055 434 ν

316 472 390 508 est.
441 469 612 511 Quando
649 478 748 505 vero
785 468 936 514 cogitat
973 464 1161 513 eaquae
1186 463 1580 513 'sunttemporalia
1606 469 1719 504 recte
1745 460 1889 505 mulier
1914 479 1981 514 ap-

314 530 519 575 pellatur.“
1685 528 1688 530 ’
2000 532 2016 557 5

451 588 511 625 De
537 588 746 624 intellectu
767 588 916 633 agente
937 587 1051 631 patet
1072 587 1195 623 etiam
1215 587 1322 631 quod
1344 586 1493 622 dictum
1515 587 1588 622 est.
1617 585 1816 626 Quoniam
1839 596 1982 623 secun-

313 649 408 684 dum
435 657 578 684 omnes
606 646 816 691 sapientes
843 646 1074 682 intellectus
1101 655 1230 691 agens
1258 655 1339 681 non
1362 645 1573 690 copulatur
1593 655 1682 681 cum
1704 645 1980 690 superioribus

313 708 379 743 vel
399 706 658 743 inferioribus
680 705 759 741 nisi
779 714 853 750 per
872 705 1122 750 possibilem.
1149 704 1325 740 Econtra
1339 704 1544 749 possibilis
1561 714 1643 740 non
1662 704 1872 749 copulatur
1892 715 1981 741 cum

314 766 592 812 superioribus
614 765 693 801 nisi
712 774 786 809 per
806 765 1009 810 agentem.
1048 764 1229 809 Amplius
1257 764 1487 799 intellectus
1514 763 1720 808 possibilis
1742 773 1824 799 non
1845 765 1982 800 movet

313 836 371 867 se,
403 826 446 862 ut
470 824 697 870 applicetur
723 823 924 868 superiori
950 823 1099 863 lumini,
1134 823 1211 858 nisi
1238 832 1312 867 per
1337 822 1586 858 intellectum
1613 823 1814 867 agentem.
1864 822 1980 858 Unde
2002 831 2034 856 ιο

312 884 685 921 Commentator
712 883 807 918 dicit
832 883 941 927 quod
967 882 1177 927 proportio
1204 882 1435 918 intellectus
1462 881 1622 927 agentis
1655 881 1706 917 ad
1732 880 1981 917 intellectum

312 943 549 989 possibilem
589 943 653 978 est
690 941 898 986 proportio
938 941 1141 977 moventis
1181 942 1230 977 ad
1268 940 1480 976 materiam
1513 940 1698 976 motamss.
1748 940 1980 976 Intellectus

312 1004 449 1039 autem
487 1001 693 1047 possibilis
732 1001 851 1036 natus
891 1001 955 1036 est
991 1000 1218 1045 utrobique,
1259 1000 1299 1036 et
1336 1009 1361 1035 a
1399 999 1600 1043 superiori
1637 999 1676 1035 et
1711 1000 1761 1035 ab
1788 999 1981 1041 inferiori,

311 1061 512 1098 illustrari.
562 1060 680 1096 Unde
711 1059 1121 1096 Commentator4:
1147 1058 1380 1095 Intellectus
1408 1058 1628 1094 materialis
1658 1059 1776 1094 natus
1803 1059 1866 1094 est
1893 1068 1982 1104 per-

310 1121 378 1157 fici
403 1130 478 1166 per
502 1119 654 1156 formas
682 1118 927 1155 materiales.
979 1117 1060 1154 Sed
1098 1117 1257 1163 dignior
1295 1118 1369 1158 est,
1411 1118 1451 1152 ut
1489 1117 1540 1153 sit
1577 1119 1696 1153 natus
1732 1117 1874 1162 perfici
1908 1127 1981 1163 per
2002 1125 2033 1150 15

310 1180 462 1216 formas
489 1189 572 1215 non
598 1178 844 1219 materiales,
870 1177 893 1213 i.
916 1187 949 1213 e.
978 1178 1089 1213 certe
1117 1186 1190 1222 per
1215 1176 1531 1222 illuminationes
1559 1186 1584 1212 a
1610 1176 1811 1221 superiori
1830 1176 1980 1213 lumine

311 1239 627 1276 descendentes.

450 1297 768 1333 Concedendum
795 1296 915 1342 igitur
942 1296 1049 1341 quod
1086 1305 1169 1331 non
1205 1296 1268 1331 est
1306 1294 1413 1331 idem
1452 1294 1684 1330 intellectus
1723 1304 1851 1340 agens
1891 1304 1982 1331 cum

258 1358 262 1389 ἓ
309 1357 468 1393 ratione
508 1356 731 1401 superiore.
794 1355 873 1392 Sed
913 1357 976 1391 est
1014 1354 1104 1400 ipsa
1142 1354 1203 1390 vis
1243 1354 1388 1395 activa,
1427 1363 1532 1399 quae
1572 1354 1731 1399 perficit
1768 1354 1980 1398 utramque

260 1411 265 1451 ἓ
308 1417 520 1453 rationem.
555 1415 602 1451 Et
621 1415 852 1451 intellectus
874 1414 1095 1451 materialis
1117 1413 1212 1450 dicit
1232 1413 1443 1458 utriusque
1463 1413 1633 1449 rationis
1655 1412 1979 1458 possibilitatem.
2000 1419 2033 1444 20

238 1532 287 1568 D,
901 1521 1071 1558 Solutio
1099 1521 1398 1557 obiectorum.

449 1607 478 1641 1.
519 1605 580 1641 Ad
616 1605 787 1650 primum
814 1604 1018 1640 obiectum
1045 1603 1310 1646 <dicendum>
1336 1603 1443 1647 quod
1471 1611 1537 1638 res
1566 1601 1870 1646 metaphoricae
1897 1612 1979 1638 non

98 1678 160 1711 sol·
188 1678 290 1710 26rb
311 1666 405 1702 sunt
432 1664 721 1701 extendendae
750 1664 854 1700 ultra
883 1663 1168 1708 proprietates,
1197 1671 1302 1707 quae
1339 1663 1433 1697 sunt
1451 1663 1463 1703 Η
1482 1661 1747 1706 metaphorae
1785 1661 1978 1697 rationes.

310 1724 427 1765 Quod
455 1733 552 1769 ergo
581 1723 813 1768 coniugium
839 1722 984 1759 dicitur
1009 1722 1115 1758 inter
1139 1721 1341 1757 rationem
1369 1720 1624 1765 superiorem
1660 1721 1700 1755 et
1733 1719 1978 1759 inferiorem,

309 1793 392 1820 non
418 1784 585 1828 propter
611 1782 719 1818 aliud
746 1782 900 1823 dicitur,
940 1781 1018 1817 nisi
1045 1781 1139 1826 quia
1163 1780 1334 1816 rationis
1372 1779 1595 1824 superioris
1633 1780 1695 1814 est
1730 1778 1904 1825 dirigere
1940 1779 1979 1815 et
1999 1788 2032 1814 25

309 1842 527 1878 consulere
555 1842 596 1877 et
621 1841 826 1878 inferioris
853 1841 1005 1887 dirigi-5.
1056 1840 1145 1876 Alia
1172 1840 1235 1876 est
1262 1837 1494 1884 coniugatio
1522 1838 1718 1874 materiae
1747 1838 1787 1874 et
1812 1837 1979 1879 formae,

309 1898 534 1938 secundum
562 1901 718 1937 scilicet
743 1900 944 1936 rationem
970 1899 1187 1944 appetitus.
1236 1897 1284 1933 Et
1308 1898 1402 1934 ideo
1429 1907 1512 1933 non
1541 1898 1604 1933 est
1631 1896 1771 1933 simile.

447 1961 479 1996 2.
518 1960 579 1996 Ad
606 1960 832 1996 secundum
858 1959 1123 2001 <dicendum>
1149 1958 1257 2003 quod
1292 1957 1430 1992 lumen
1467 1956 1574 1997 illud,
1614 1957 1664 1992 de
1704 1966 1783 2001 quo
1822 1956 1980 2001 Augu-

309 2019 468 2056 stinus
495 2019 681 2064 loquitur,
710 2019 773 2054 est
798 2019 935 2054 lumen
961 2019 1174 2054 aeternum
1200 2017 1436 2052 increatum.
1483 2014 1599 2055 Quod
1620 2025 1703 2051 non
1725 2016 1788 2051 est
1807 2015 1976 2051 rationis

309 2078 531 2123 superioris
559 2078 758 2123 perfectio
785 2077 864 2113 nisi
890 2077 994 2113 sicut
1020 2077 1241 2113 obiectum.
1285 2074 1332 2110 Et
1366 2074 1473 2110 istud
1499 2074 1635 2110 lumen
1663 2074 1886 2110 increatum
1914 2074 1976 2109 est
1995 2082 2030 2106 30

308 2137 538 2173 intellectus
565 2146 694 2183 agens
723 2137 948 2181 separatus.
999 2135 1116 2171 Unde
1155 2144 1238 2170 non
1277 2133 1460 2178 sequitur
1498 2133 1606 2177 quod
1642 2132 1693 2168 sit
1728 2132 1835 2168 idem
1873 2132 1975 2168 ratio

309 2196 495 2241 superior
516 2196 624 2241 quod
644 2205 785 2241 agens.
824 2194 1026 2240 Amplius:
1053 2194 1285 2230 Intellectus
1312 2202 1441 2238 agens
1469 2193 1629 2228 creatus
1657 2191 1820 2236 aliquod
1841 2192 1976 2227 lumen

308 2255 442 2291 habet.
493 2254 574 2291 Sed
599 2255 694 2291 illud
721 2254 888 2299 respicit
914 2254 995 2290 vim
1021 2253 1212 2295 activam;
1250 2252 1354 2288 ratio
1381 2252 1518 2287 autem
1545 2250 1741 2295 superior,
1767 2252 1808 2286 ut
1834 2259 1977 2295 appre-

310 2314 507 2355 hendens,
534 2314 616 2349 vim
643 2314 729 2350 eius
757 2313 975 2359 passivam.
1026 2312 1142 2348 Unde
1169 2321 1251 2347 non
1280 2310 1472 2355 sequitur.

448 2374 480 2409 3.
525 2373 587 2408 Ad
625 2373 787 2409 tertium
830 2372 1094 2414 (dicendum)
1138 2371 1246 2415 quod
1290 2369 1442 2414 aliqui
1486 2369 1688 2405 collocant
1731 2368 1977 2404 intellectum
1997 2376 2030 2400 35

309 2433 500 2478 agentem
539 2432 580 2467 in
618 2431 824 2468 memoria.
884 2430 986 2471 Quia
1024 2429 1220 2466 memoria
1259 2439 1304 2464 se
1343 2428 1466 2464 habet
1503 2427 1554 2463 ad
1589 2427 1837 2463 intellectum
1875 2427 1978 2462 sicut

450 2554 468 2586 8
490 2553 712 2594 possibilem]
734 2553 1011 2594 possibilitatem
1107 2554 1126 2584 9
1148 2550 1329 2592 agentem]
1351 2559 1464 2591 agens
1563 2549 1602 2581 12
1624 2547 1847 2589 possibilem]
1868 2557 1976 2589 agen-

310 2608 381 2639 tem
481 2608 520 2639 14
548 2606 757 2645 materialis]
783 2606 813 2644 4-
843 2608 898 2638 est
997 2606 1037 2637 15
1061 2604 1138 2643 sed]
1159 2606 1194 2636 et
1290 2604 1332 2636 22
1353 2603 1425 2642 resi
1446 2603 1554 2635 etiam
1651 2602 1691 2633 23
1714 2600 1976 2639 extendendae!

310 2661 509 2693 extendere
581 2659 830 2701 metaphorae]
857 2659 1110 2692 transferendo
1206 2658 1249 2690 36
1276 2655 1507 2695 intellectum]
1540 2655 1573 2693 ψ
1604 2656 1676 2687 tum

450 2784 462 2806 1
488 2785 579 2817 Vide
605 2793 717 2825 supra
743 2793 776 2825 p.
804 2784 846 2816 72
874 2784 996 2816 notam
1022 2783 1053 2815 6.

450 2836 464 2859 2
490 2838 532 2869 21
559 2837 718 2870 Sentent.
745 2837 821 2869 sive
849 2837 997 2875 Quaest.
1024 2835 1098 2867 Lib.
1131 2835 1231 2867 Unus
1258 2844 1290 2874 q.
1321 2834 1360 2866 18
1387 2833 1457 2872 [PL
1484 2833 1536 2871 40,
1564 2832 1655 2871 739).
1695 2831 1764 2864 Cir.
1792 2831 1905 2871 Aug.,
1932 2830 1977 2862 In

311 2891 395 2923 Joh.
422 2891 564 2931 Evany.
591 2891 633 2922 tr.
661 2890 732 2929 XV,
760 2891 779 2922 4
806 2886 877 2931 (PL
903 2890 956 2926 35,
986 2888 1100 2927 1516).

451 2942 467 2965 3
490 2944 543 2976 De
566 2943 707 2976 Anima
730 2943 783 2981 III,
811 2943 829 2974 4
856 2941 889 2981 (1
918 2942 1005 2974 text.
1034 2940 1068 2980 5)
1094 2939 1169 2980 (iol.
1200 2940 1297 2978 145Γ,
1326 2937 1436 2978 147Γ).

452 2996 466 3018 4
492 2997 543 3029 De
567 2996 707 3029 Anima
732 2995 785 3033 ΙΙΙ,
813 2995 831 3027 4
858 2994 891 3033 (1
919 2995 1007 3026 text.
1036 2993 1070 3033 5)
1095 2992 1171 3032 (iol.
1200 2993 1264 3025 139
1277 2991 1312 3031 Γ).

451 3049 466 3071 5
492 3049 561 3082 Cir.
588 3049 757 3086 BonaV„
788 3048 854 3089 Op.
881 3056 980 3080 omn.
1006 3047 1043 3085 Il,
1072 3047 1137 3079 563
1153 3055 1184 3078 a.
