2095 3459
342 189 386 230 52
857 196 1033 230 Johannis
1059 196 1229 230 Pechami
1255 195 1506 234 Quaestiones.

343 303 433 329 cum
473 293 667 329 continuo
707 294 893 338 tempore
906 296 930 335 1,
965 294 1090 330 multo
1131 294 1261 340 magis
1288 304 1366 331 nec
1391 295 1542 340 poterit
1567 295 1702 331 multa.
1754 295 1946 333 Similiter
1970 296 2021 333 de

341 353 489 388 virtute
517 353 686 397 passiva
711 354 834 397 patet.

483 411 668 456 Amplius
696 412 897 447 tertium
922 412 1259 449 fundamentum2
1285 413 1483 458 contingit
1508 413 1549 449 in
1576 414 1818 459 operatione
1844 414 2024 451 intellec-

340 471 448 506 tuali.
499 470 559 506 De
587 480 667 515 qua
694 471 790 507 dicit
816 472 927 515 quod
954 472 1076 507 homo
1104 482 1188 507 non
1215 474 1280 507 est
1304 472 1539 518 intelligens
1559 473 1606 508 in.
1621 474 1715 509 actu
1734 474 1814 509 nisi
1832 483 1907 518 per
1927 484 2023 510 con-

339 530 610 565 tinuationem
630 530 828 566 intellecti
849 540 940 566 cum
962 540 1012 566 eo
1033 531 1074 566 in
1100 532 1194 567 actu
1208 533 1232 572 3,
1260 541 1351 567 cum
1377 532 1533 567 certum
1560 532 1621 573 sit,
1649 533 1757 577 quod
1778 532 1876 568 nihil
1897 534 1962 569 est
1980 533 2021 568 in
2041 539 2057 564 5

339 589 505 625 homine
533 590 642 633 quod
669 590 802 634 possit
827 590 1032 636 attingere
1059 590 1310 626 intellectum
1347 591 1387 626 in
1422 592 1515 626 actu
1551 591 1631 627 nisi
1662 591 1724 627 vis
1759 592 2021 628 intellectiva.

338 648 457 684 Unde
484 648 550 684 1110
577 649 642 684 est
668 650 782 685 recte
812 650 1042 685 contrarius
1079 649 1396 694 philosopho,
1433 650 1500 694 qui
1526 651 1641 695 ponit
1666 651 1897 696 intelligere
1926 661 2021 687 esse

339 707 545 743 coniuncti
556 711 581 743 4.

478 766 662 811 Amplius
691 767 978 811 experimento
1006 768 1121 812 patet
1147 768 1256 812 quod
1282 768 1404 803 homo
1427 768 1549 804 utitur
1568 768 1789 809 intellectu,
1818 769 1913 813 quia
1932 778 2021 814 per—

338 825 434 869 cipit
458 825 581 861 homo
610 826 651 861 et
676 826 865 871 intelligit
892 836 949 867 se,
988 826 1114 862 fidem
1141 836 1256 862 suam
1284 828 1324 862 et
1350 827 1553 863 iustitiam.
1609 826 1723 867 Quae
1762 837 1845 863 non
1884 829 2022 873 potest
2042 833 2074 859 10

337 883 539 929 attingere
567 884 646 920 nisi
672 893 745 929 per
772 885 923 929 aliquid
953 885 1025 926 sui,
1065 894 1144 921 nec
1170 894 1244 930 per
1270 885 1428 932 aliquid,
1459 885 1522 921 sui
1553 886 1633 936 nisi
1658 895 1732 931 per
1758 886 2020 928 intellectum,

337 952 428 978 cum
466 943 545 979 ista
584 944 799 989 cognoscit
835 944 974 980 omnia
1012 944 1174 980 visione
1210 944 1489 980 intellectuali.
1538 944 1657 981 Unde
1690 945 2019 991 Augustinus,

336 1001 403 1037 XII
428 1002 566 1047 Super
591 1002 733 1039 Germ:
763 1003 974 1046 „Quonam
1002 1004 1124 1039 modo
1152 1003 1241 1048 ipse
1268 1004 1500 1040 intellectus
1527 1004 1607 1040 nisi
1632 1004 1899 1050 intelligendo
1927 1015 2021 1041 con-

337 1060 535 1105 spicitur‘?
584 1061 690 1104 <Ita>
731 1063 771 1098 et
810 1063 961 1098 caritas
990 1064 1031 1098 et
1055 1063 1260 1108 gaudium,
1295 1073 1389 1108 an‚
1427 1063 1730 1109 longanimitas,
1768 1063 1873 1100 fides
1896 1094 1902 1100 .
1923 1094 1929 1100 .
1952 1094 1958 1100 .
1981 1066 2021 1101 et

335 1120 568 1156 huiusmodi
594 1121 740 1165 quibus
768 1121 1066 1166 propinquatur
1091 1121 1179 1158 Deo
1209 1123 1249 1158 et
1274 1122 1353 1167 ipsi
1379 1122 1524 1158 Deus.“
2040 1127 2073 1154 15

475 1179 696 1224 Amplius
724 1182 835 1216 errat
859 1181 901 1216 in
929 1181 1172 1225 operatione
1198 1181 1265 1217 vel
1292 1181 1443 1217 effectu
1462 1182 1674 1218 rationalis
1695 1183 1869 1219 animae.
1915 1183 2021 1224 Quo-

334 1238 443 1273 niam
471 1240 698 1275 secundum
724 1239 858 1284 ipsum
885 1249 969 1275 non
995 1240 1111 1285 ponit
1136 1240 1240 1276 ratio
1268 1241 1476 1277 hominem
1502 1241 1543 1277 in
1570 1242 1722 1287 specie,
1748 1251 1826 1278 nec
1846 1243 1911 1278 est
1931 1243 2018 1278 eius

333 1296 532 1341 perfectio
560 1298 601 1334 in
630 1308 725 1335 esse
752 1299 883 1344 primo
895 1302 920 1335 ⁶.
970 1299 1031 1335 Ex
1058 1309 1137 1345 quo
1166 1300 1351 1345 sequitur
1378 1301 1486 1345 quod
1513 1310 1596 1337 non
1624 1302 1739 1337 esset
1759 1301 2018 1337 definiendus

334 1356 455 1392 homo
478 1366 552 1401 per
571 1358 785 1394 rationale.
825 1357 948 1394 Cuius
968 1359 1107 1394 tamen
1128 1359 1378 1395 contrarium
1397 1360 1510 1404 patet
1531 1369 1585 1396 ex
1609 1359 1915 1396 definitionibus
1936 1361 2019 1396 tam

332 1416 671 1461 philosophorum
698 1427 820 1461 quam
848 1418 1095 1453 sanctorum.
2036 1422 2070 1448 20

472 1475 586 1512 Haec
611 1476 732 1521 igitur
758 1476 909 1521 positio
938 1477 1113 1512 destruit
1137 1476 1421 1513 fundamenta·
1439 1478 1624 1519 naturae,
1663 1478 1761 1514 item
1797 1478 1943 1515 merita
1978 1480 2019 1515 et

332 1534 526 1578 praemia.
576 1534 731 1576 Merita,
758 1535 937 1580 inquam,
964 1536 1061 1580 quia
1087 1535 1192 1571 sicut
1218 1536 1340 1572 homo
1379 1546 1463 1572 non
1501 1537 1626 1573 habet
1662 1537 1702 1573 in
1731 1547 1776 1573 se
1802 1538 2017 1580 rationem,

333 1593 393 1629 sic
418 1603 497 1630 nec
536 1594 782 1630 electionem
821 1594 1078 1631 rationalem.
1127 1594 1248 1631 Tollit
1279 1595 1402 1631 etiam
1438 1596 1633 1641 praemia,
1668 1596 1764 1641 quia
1800 1596 1866 1633 hic
1902 1597 2018 1633 intel-

332 1651 475 1693 lectus,
514 1662 595 1698 qua
632 1653 793 1689 ratione
832 1653 874 1689 in
912 1654 1032 1690 bonis
1074 1654 1308 1696 salvabitur,
1349 1654 1391 1690 in
1429 1655 1546 1691 malis
1582 1655 1850 1692 damnabitur.
1900 1655 1949 1692 Et
1983 1656 2018 1692 si

332 1720 416 1747 non
443 1713 582 1756 potest
609 1712 728 1748 simul
754 1714 972 1758 utrumque
998 1713 1101 1755 fieri,
1126 1713 1311 1758 sequitur
1335 1714 1379 1749 ut
1405 1714 1593 1750 neutrum
1619 1713 1701 1756 fiat,
1727 1716 1770 1750 ut
1788 1715 1948 1751 felicior
1967 1715 2018 1751 sit
2036 1722 2070 1748 25
2094 1721 2095 1737 1

330 1770 528 1807 iniustitia
554 1781 676 1817 quam
702 1772 857 1808 iustitia
867 1774 892 1808 ⁷.
2094 1779 2095 1783 ’

470 1830 584 1867 Haec
609 1831 731 1876 igitur
756 1831 944 1868 haeresis
973 1833 1037 1867 est
1061 1832 1329 1877 repudianda.
1368 1831 1442 1868 Cui
1461 1832 1595 1869 nullus
1622 1834 1797 1869 assentit
1822 1834 1902 1870 nisi
1926 1843 2016 1879 per-

330 1889 512 1925 niciosus
528 1890 783 1934 haereticus;
805 1890 992 1927 defendit
1011 1892 1054 1927 ut
1072 1891 1328 1936 probabilem
1347 1892 1427 1928 nisi
1445 1885 1711 1938 phreneticus
1732 1894 1773 1929 et
1790 1892 2015 1929 litterarum

330 1948 559 1985 divinarum
587 1950 628 1985 et
653 1950 924 1986 humanarum
949 1950 1114 1995 penitus
1140 1950 1320 1996 ignarus.

258 2047 308 2084 D,
925 2044 1096 2082 Solutio
1125 2046 1426 2083 obiectorum.
2032 2053 2066 2079 30

471 2123 502 2157 1.
529 2121 591 2157 Ad
618 2121 793 2167 primum
820 2121 1040 2158 dicendum
1067 2123 1175 2167 quod
1202 2124 1510 2169 propositiones
1536 2133 1610 2169 per
1637 2133 1683 2160 se
1709 2125 1834 2161 notae
1860 2125 2014 2161 habent

328 2171 479 2225 triplex
505 2190 602 2217 esse
613 2183 638 2217 8.
687 2180 852 2217 Habent
879 2182 987 2217 enim
1017 2191 1113 2218 esse
1140 2182 1180 2218 in
1209 2183 1294 2219 suis
1318 2183 1501 2228 partibus
1528 2184 1752 2226 materiale,
1786 2184 1889 2220 sicut
1915 2184 2012 2220 ista:

470 2303 487 2335 1
515 2303 698 2343 continuo]
726 2304 757 2335 A
788 2303 826 2342 -l-
857 2305 893 2337 et
989 2305 1008 2337 4
1035 2304 1255 2347 intelligens]
1281 2306 1312 2339 Β
1337 2306 1542 2339 intellectus
1641 2306 1681 2338 11
1710 2306 1765 2339 sui
1790 2305 1871 2345 nec]
1899 2306 1929 2338 A
1956 2315 2013 2338 se-

327 2355 481 2388 cundum
520 2365 589 2389 nec
687 2358 728 2389 12
768 2357 902 2397 omnia]
941 2359 971 2389 A
1012 2366 1083 2391 om.
1183 2359 1225 2391 13
1265 2358 1441 2398 Quonam]
1473 2359 1620 2399 Miyne:
1658 2368 1729 2400 quo
1765 2359 1858 2392 enim
1930 2358 2012 2398 nisi]

330 2407 359 2438 Β
384 2408 470 2440 nihil
568 2410 610 2442 17
639 2409 706 2448 est]
732 2410 764 2442 B
790 2419 862 2443 om.
962 2411 1003 2443 19
1031 2420 1078 2444 ex
1105 2411 1375 2444 definitionibus
1401 2411 1486 2451 tam]
1512 2413 1544 2444 Β
1569 2413 1643 2445 tam
1669 2421 1716 2445 ex
1742 2412 2012 2445 definitionibus

329 2462 370 2493 21
399 2462 497 2501 item]
523 2463 555 2495 Β
584 2463 622 2501 4—
652 2464 813 2496 secundo
911 2465 954 2497 23
981 2465 1197 2498 electionem
1221 2465 1451 2505 rationalem]
1491 2466 1520 2497 A
1543 2467 1572 2499 ὥ
1591 2466 1623 2499 Β
1647 2466 1799 2499 Mutant
1824 2466 2014 2498 membra:

327 2515 357 2547 l.
384 2515 563 2548 rationem
595 2517 630 2548 et
661 2516 691 2549 2.
720 2517 937 2550 electionem
961 2518 1177 2551 ratIonalem
1274 2520 1317 2551 25
1344 2517 1496 2557 felicior]
1531 2519 1562 2551 B
1588 2519 1776 2551 filucorum
1873 2520 1916 2552 27
1943 2518 2010 2558 est]

324 2567 356 2600 B
381 2568 418 2600 in
525 2569 568 2601 28
595 2569 645 2608 ut]
681 2570 712 2602 B
739 2571 775 2602 in
850 2570 1096 2611 phreneticus]
1132 2571 1163 2603 B
1189 2571 1416 2611 frequentius
1524 2572 1566 2605 32
1593 2571 1740 2614 triplex]
1771 2573 1802 2605 B
1828 2572 2012 2613 triplicare

466 2686 478 2708 1
504 2687 557 2720 De
583 2687 726 2721 Anima
751 2688 805 2728 ΙΙΙ,
833 2690 852 2721 5
880 2687 984 2728 (text.
1013 2688 1186 2729 22-24);
1214 2690 1324 2730 Phys.
1351 2690 1423 2729 VII,
1452 2690 1515 2729 10;
1541 2690 1594 2723 De
1619 2691 1804 2723 Memoria
1829 2699 1858 2723 0.
1887 2691 1916 2723 1.

466 2739 481 2762 2
507 2740 577 2773 Cfr.
606 2750 719 2781 supra
744 2751 779 2782 p.
806 2742 860 2781 46,
888 2751 964 2783 arg.
993 2743 1023 2775 7.

464 2792 479 2815 3
504 2794 556 2826 De
582 2793 724 2826 Am'ma
749 2795 803 2834 ΙΙΙ,
820 2795 838 2827 4
866 2794 900 2833 (1
916 2796 1006 2828 text.
1029 2792 1065 2838 ²5)
1091 2794 1166 2835 (fol.
1190 2796 1256 2829 148
1269 2792 1306 2838 r).
1334 2796 1404 2829 Cfr.
1424 2795 1588 2838 Metaph.
1608 2797 1663 2836 XI,
1683 2797 1701 2829 7
1723 2795 1808 2837 (XII,
1829 2797 1917 2830 text.
1939 2796 2008 2837 38).

464 2845 479 2868 4
504 2846 596 2879 Vide
622 2856 735 2888 supra
760 2857 845 2889 pag.
874 2849 916 2881 49
943 2849 1065 2881 notam
1093 2846 1121 2881 1.
1266 2848 1280 2871 5
1306 2849 1376 2888 XII,
1404 2849 1446 2881 24
1475 2845 1545 2891 (PL
1571 2850 1626 2889 34,
1654 2848 1745 2889 474).

464 2898 478 2920 ⁶
505 2900 727 2932 De‘Anima
752 2901 806 2940 III,
835 2902 853 2933 4
880 2899 915 2940 (1
943 2902 1032 2934 text.
1061 2900 1096 2941 5)
1122 2901 1197 2941 (fol.
1227 2902 1292 2934 148
1304 2901 1350 2942 v);
1386 2902 1424 2942 ΙΙ,
1453 2903 1470 2934 1
1498 2901 1602 2942 (text.
1630 2901 1676 2942 7),
1708 2903 1771 2936 cfr.
1797 2903 1836 2942 ΙΙ,
1859 2903 1877 2935 4
1904 2901 2006 2942 (text.

325 2950 401 2991 30);
428 2953 591 2993 Metaph.
619 2953 674 2992 XI,
702 2954 721 2986 7
748 2952 834 2993 (XII,
861 2955 949 2987 text.
977 2953 1047 2994 38).
1190 2953 1205 2975 7
1230 2955 1402 2995 Bonav.,
1432 2955 1497 2996 Op.
1528 2955 1634 2988 Omn.
1660 2955 1699 2995 ΙΙ,
1726 2956 1803 2995 445,
1831 2956 1863 2989 b.
1891 2957 1921 2989 5.

465 3003 479 3025 8
507 3005 578 3038 Cfr.
614 3006 667 3038 De
690 3007 804 3039 Hum.
833 3007 946 3047 Coyn.
972 3007 1058 3040 Rat.
1086 3007 1129 3040 95
1164 3006 1215 3046 (in
1251 3007 1350 3047 fine),
1385 3008 1446 3040 ubi
1480 3008 1571 3041 haee
1605 3008 1786 3041 distinctio
1822 3017 1869 3041 ex
1903 3009 2005 3050 Aug.

324 3056 392 3096 (De
414 3057 500 3090 Gen.
524 3059 575 3090 ad
593 3059 659 3091 Lit.
681 3059 722 3098 V,
746 3056 804 3101 12)
831 3061 867 3092 et
892 3060 1094 3092 Anselmi
1121 3059 1188 3098 (De
1217 3060 1290 3093 Ver.
1300 3054 1345 3100 X)
1364 3061 1578 3093 tractatibus
1599 3062 1745 3102 sumpta
1764 3070 1848 3095 esse
1868 3062 2005 3095 dicitur.
