2095 3459
757 183 929 220 Quaestio
957 184 1071 216 XVIII.
1690 182 1757 217 159

79 276 234 313 Tamen
250 277 379 323 magis
400 277 562 314 videtur
582 280 806 316 convenire
828 280 964 316 verbis
984 280 1242 325 Apostoli1‚
1261 282 1329 317 ubi
1351 282 1461 317 dicit:
1485 281 1597 326 „Ipsa
1611 281 1753 317 civitas

80 345 224 372 aurum
250 337 443 373 mundum
471 338 547 373 erit
580 338 710 375 simile
744 339 849 375 vitro
878 340 1061 375 mund0.“
1112 339 1158 375 Et
1186 341 1235 377 de
1262 341 1340 376 hoc
1366 340 1504 377 habita
1530 341 1593 376 est
1617 341 1755 376 aucto-

80 395 179 431 ritas
206 395 372 441 Augus
389 396 482 432 tini
509 400 665 442 supra2,
698 398 786 440 <in>
813 399 1056 443 quaestione
1084 399 1135 435 de
1163 399 1395 436 subtilitate.

221 462 253 496 7.
282 460 343 496 Ad
372 461 590 506 septimum
618 463 834 500 dicendum
862 464 969 508 quod
997 464 1109 500 color
1142 464 1196 500 ibi
1229 464 1305 500 erit
1337 474 1499 510 semper
1523 465 1688 501 radians
1715 464 1755 500 in

47 531 63 557 5
84 520 187 556 actu.
237 519 284 555 Et
309 520 402 556 ideo
430 520 484 556 ibi
511 522 695 566 potentia
721 531 887 567 semper
913 523 988 558 erit
1013 523 1053 558 in
1081 524 1174 559 actu
1195 523 1298 559 sicut
1318 524 1407 568 ipsa
1428 524 1600 560 claritas.
1646 523 1757 560 Sicut

82 579 116 614 si
137 588 301 624 semper
326 579 463 616 radius
490 580 591 616 lucis
626 581 820 617 transiret
854 591 928 626 per
967 581 1137 618 vitream
1164 582 1398 624 coloratam,
1426 592 1588 628 semper
1615 584 1756 619 essent

82 638 161 674 duo
188 638 290 674 radii
317 638 451 675 simul:
487 639 588 675 lucis
622 641 777 676 scilicet
813 642 853 676 et
879 641 1039 677 coloriS.
1089 641 1173 677 Nec
1210 643 1273 678 est
1298 643 1412 678 actus
1441 643 1480 678 et
1506 642 1689 687 potentia
1715 642 1755 678 in

82 697 229 734 eodem
257 698 481 734 secundum
507 699 627 741 idem,
654 700 749 744 quia
774 709 857 735 non
883 700 1109 736 secundum
1137 701 1310 736 eandem
1337 700 1517 737 formam.

220 764 253 799 8.
279 762 341 799 Ad
368 764 557 799 octavum
593 764 811 800 dicendum
846 765 954 809 quod
989 764 1086 801 licet
1119 765 1256 801 anima
1287 765 1327 801 in
1361 766 1468 801 statu
1494 766 1634 809 <viae>
1660 766 1756 806 nata

31 833 63 859 ιο
83 821 134 857 sit
159 822 315 858 tantum
346 822 549 867 perficere
583 832 730 868 corpus
765 823 999 865 coloratum,
1026 824 1165 860 tamen
1196 824 1260 866 <in
1292 824 1456 869 patria>‚
1482 824 1523 860 in
1562 825 1753 870 quantum

83 881 146 917 est
166 881 449 918 beatificabilis
476 883 516 918 et
536 892 684 928 corpus
707 882 993 924 beatificabile,
1015 883 1112 919 nata
1131 883 1194 919 est
1213 882 1414 928 perficere
1436 893 1583 928 corpus
1604 884 1755 920 clarum

83 941 123 976 et
148 940 367 982 radiosum,
393 942 437 976 ut
462 941 612 977 dictum
639 943 702 978 est
715 944 739 978 ³.

221 1006 254 1041 9.
280 1005 341 1042 Ad
368 1015 522 1042 nonum
549 1006 766 1043 dicendum
787 1007 895 1052 quod
915 1006 956 1043 in
978 1007 1085 1043 statu
1105 1006 1198 1043 viae
1219 1007 1386 1052 propter
1406 1006 1755 1052 imperfectionem

83 1065 279 1101 naturalis
322 1065 569 1102 existentiae
605 1066 645 1102 et
690 1065 935 1102 infirmitatis
972 1075 1024 1102 ex
1062 1066 1233 1111 peccato
1273 1066 1507 1102 contractae
1545 1066 1754 1111 potentiae

35 1134 64 1160 15
83 1123 245 1160 animae
271 1124 313 1160 in
340 1124 424 1160 suis
451 1125 759 1170 operationibus
786 1125 1011 1170 impediunt
1038 1134 1094 1161 se.
1144 1124 1262 1161 Unde
1283 1126 1446 1170 quando
1467 1134 1548 1161 una
1573 1125 1755 1170 potentia

81 1183 240 1219 fortiter
264 1183 437 1220 Intendit
464 1184 694 1229 operationi
719 1183 796 1220 sibi
823 1193 1044 1226 consonae,
1070 1183 1240 1220 retrahit
1266 1184 1385 1220 aliam
1412 1184 1477 1220 vel
1498 1184 1598 1220 alias
1625 1193 1649 1220 a
1670 1184 1754 1220 suis

84 1242 402 1287 operationibus,
429 1244 472 1279 ut
498 1243 594 1279 dicit
619 1243 910 1279 Avicenna4.
959 1242 1007 1278 Et
1032 1242 1126 1279 ideo
1154 1238 1316 1287 quando
1343 1242 1480 1279 anima
1505 1243 1671 1279 multum
1697 1243 1753 1278 in-

82 1301 213 1338 tendit
239 1301 501 1347 speculando,
528 1302 696 1347 impedit
720 1302 830 1338 vires
858 1301 1078 1338 sensitivas
1106 1302 1146 1337 et
1173 1301 1293 1337 etiam
1319 1301 1577 1347 vegetativas
1606 1301 1647 1337 in
1669 1302 1752 1337 suis

84 1360 404 1405 operationibus.
453 1360 501 1397 Et
526 1361 746 1406 propterea
771 1360 1000 1406 pallescunt
1027 1360 1199 1396 studiosi
1226 1360 1266 1396 et
1293 1359 1522 1396 efficiuntur
1540 1360 1754 1402 macilenti,

31 1429 65 1454 20
85 1420 255 1456 econtra
290 1420 358 1465 qui
394 1420 562 1456 multum
599 1421 749 1456 vacant
784 1419 918 1456 carnis
955 1418 1122 1460 deliciis,
1159 1428 1302 1464 parum
1333 1420 1507 1464 possunt
1542 1419 1583 1455 in
1625 1419 1755 1455 consi-

85 1479 281 1515 derando.
332 1479 413 1516 Sed
438 1479 479 1515 in
517 1479 648 1524 patrIa
679 1480 787 1515 totus
820 1479 941 1515 homo
975 1478 1049 1514 erit
1076 1478 1301 1515 secundum
1326 1479 1512 1514 naturam
1536 1478 1753 1523 perfectus.

84 1537 131 1573 Et
156 1537 251 1574 ideo
277 1548 360 1574 una
384 1538 570 1583 potentia
595 1547 724 1584 agens
751 1547 834 1574 non
861 1537 1054 1582 impediet
1079 1537 1249 1573 alteram
1274 1536 1316 1572 in
1341 1537 1434 1573 actu
1461 1547 1546 1574 suo.

225 1603 279 1639 10.
306 1603 367 1639 Ad
394 1602 595 1640 decimum
622 1603 837 1639 dicendum
858 1602 977 1647 quod,
997 1602 1040 1638 ut
1054 1601 1203 1638 dictum
1225 1602 1298 1643 est,
1320 1601 1518 1648 colligitur
1544 1612 1598 1638 ex
1616 1602 1753 1638 verbis

83 1661 329 1707 scripturae
355 1662 573 1699 intellectis
601 1671 703 1698 sane
731 1662 771 1698 et
798 1661 988 1706 exemplo
1015 1660 1186 1703 Domini,
1219 1660 1286 1706 qui
1318 1660 1544 1697 claritatem
1578 1661 1756 1697 ostendit

33 1728 66 1753 25
85 1720 126 1756 in
153 1730 278 1758 carne
304 1721 475 1758 mortali,
524 1721 572 1757 Et
597 1721 693 1757 licet
711 1720 764 1757 ibi
787 1720 937 1765 aliquid
957 1720 1130 1756 addatur
1148 1720 1304 1756 tantum
1323 1720 1611 1765 metaphorice,
1631 1729 1755 1765 quan-

85 1780 168 1815 tum
194 1781 246 1816 ad
272 1790 424 1817 nomen
450 1780 609 1822 camini,
635 1781 774 1816 tamen
792 1780 844 1816 ad
863 1779 1038 1815 litteram
1057 1778 1293 1825 intelligitur
1316 1778 1370 1815 ibi
1398 1779 1550 1815 dictum
1577 1778 1627 1815 de
1659 1779 1753 1825 igne

86 1838 153 1883 qui
190 1848 290 1876 vere
330 1839 406 1876 erit
442 1840 483 1876 in
521 1839 693 1876 inferno.
749 1839 961 1875 Probatur:
1000 1837 1146 1874 Verbis
1182 1838 1233 1874 ad
1269 1837 1444 1874 litteram
1481 1838 1754 1884 intelligendis

56 1940 57 1943 Ἴ
85 1897 230 1934 miscet
248 1898 462 1943 plurimum
476 1899 693 1943 Scriptura
713 1898 841 1934 verba
862 1907 980 1934 sacra
1000 1898 1041 1933 et
1060 1896 1243 1942 mystica,
1263 1897 1306 1932 ut
1324 1896 1380 1933 ibi
1398 1896 1603 1933 Matthaei
1627 1898 1658 1939 6,
1670 1898 1753 1939 <3>:

87 1956 208 2000 „Cum
232 1956 334 1993 facis
361 1957 681 2002 eleemosynam,
713 1956 871 1993 nesciat
903 1956 1069 1992 sinistra
1100 1957 1169 1991 tua
1201 1955 1296 2000 quid
1327 1955 1423 1992 facit
1455 1956 1627 1992 dextera
1662 1957 1752 1992 tua“

34 2029 67 2054 30
87 2016 127 2052 et
152 2015 194 2052 in
219 2016 354 2052 multis
381 2016 482 2053 aliis.

225 2082 279 2117 11.
305 2081 365 2117 Ad
416 2080 675 2117 undecimum
712 2080 928 2116 dicendum
966 2079 1074 2124 quod
1099 2078 1230 2125 gloria
1266 2078 1411 2115 dicitur
1442 2079 1605 2124 proprie
1638 2079 1754 2124 quasi

87 2140 206 2176 clara.
255 2139 373 2176 Unde
398 2139 562 2185 proprie
583 2139 713 2185 gloria
733 2138 895 2175 claritas
917 2139 990 2174 est.
1028 2138 1148 2174 Hebr.
1176 2139 1207 2181 1,
1225 2139 1308 2180 <3>:
1337 2137 1458 2181 „Cum
1484 2138 1536 2173 sit
1561 2138 1755 2183 splendor

86 2198 273 2244 gloriae.“
324 2199 427 2235 Tota
452 2200 590 2235 tamen
616 2198 683 2234 illa
707 2197 916 2234 beatitudo
943 2196 1072 2243 gloria
1098 2196 1335 2241 appellatur,
1372 2196 1466 2241 quia
1491 2196 1703 2232 descendit
1729 2206 1754 2232 a

88 2257 271 2293 claritate
292 2257 454 2293 divinae
475 2256 658 2298 visionis,
687 2256 753 2293 vel
773 2256 867 2301 quia
888 2255 1018 2292 omnis
1041 2254 1286 2291 excellentia
1305 2254 1400 2291 facit
1418 2255 1622 2300 quandam
1642 2255 1754 2291 clari—

35 2328 68 2353 35
87 2317 223 2352 tatem.
284 2316 332 2352 Et
365 2316 421 2352 ibi
453 2316 479 2352 I.
506 2316 595 2352 Cor.
623 2317 677 2357 15,
698 2317 789 2357 <43>
823 2314 947 2351 utitur
983 2313 1254 2359 Apostolus
1291 2314 1551 2359 appropriate
1588 2313 1752 2349 nomine

88 2375 254 2420 gloriae.

228 2441 281 2476 12.
310 2440 370 2476 Ad
396 2439 680 2475 duodecimum
707 2438 924 2474 dicendum
950 2438 1057 2482 quod
1085 2446 1167 2473 non
1195 2437 1257 2473 est
1278 2437 1419 2478 simile,
1458 2437 1552 2481 quia
1581 2445 1753 2481 corpora

89 2508 219 2544 opaca
243 2499 396 2535 habent
421 2499 461 2534 in
490 2507 534 2534 se
560 2498 722 2543 aliquid,
748 2507 822 2542 per
849 2497 957 2542 quod
978 2496 1216 2532 ordinantur
1236 2496 1287 2532 ad
1309 2496 1543 2536 claritatem,
1570 2497 1612 2531 ut
1632 2504 1753 2539 supra

88 2559 201 2603 patet
214 2561 239 2594 ⁵.
289 2557 406 2593 Clara
432 2558 568 2593 autem
596 2565 769 2601 corpora
802 2566 883 2592 non
917 2556 1069 2591 habent
1103 2564 1176 2600 per
1211 2555 1318 2599 quod
1345 2554 1581 2590 ordinantur
1606 2554 1656 2589 ad
1685 2554 1752 2589 ob-

37 2628 71 2653 40
90 2617 335 2653 scuritatem.

229 2744 248 2776 6
275 2743 376 2783 lucis]
403 2744 534 2776 coloris
643 2743 661 2774 9
689 2741 796 2781 statu]
828 2741 863 2779 *l-
892 2750 959 2773 nec
984 2740 1256 2781 imperfectione
1365 2740 1406 2771 10
1433 2738 1643 2777 coloratum]
1676 2739 1751 2779 glo-

89 2797 222 2829 riosum
320 2797 361 2829 18
388 2795 622 2837 speculando]
651 2795 799 2836 speculo
896 2794 937 2826 19
964 2794 1007 2826 In
1034 2794 1223 2832 margine:
1249 2792 1339 2824 Nota
1424 2792 1465 2824 25
1492 2790 1750 2831 metaphorice]

90 2850 343 2882 mathematice
440 2849 482 2881 28
509 2848 542 2888 6]
570 2850 588 2880 5
685 2849 727 2880 35
756 2846 1004 2888 appropriate]
1030 2846 1302 2886 approprietate

231 2984 243 3006 1
268 2985 421 3026 Apocal.
449 2985 502 3023 21,
531 2985 583 3017 18.
724 2983 739 3005 ‘2
763 2984 848 3024 Pag.
878 2983 942 3015 125
968 2982 1038 3014 not.
1067 2981 1096 3013 3.
1238 2979 1252 3001 3
1277 2980 1362 3020 Pag.
1391 2979 1466 3011 127.

229 3036 243 3058 4
275 3037 327 3069 VI.
354 3038 449 3073 Nat..
476 3046 509 3077 p.
539 3038 568 3074 5,
597 3045 674 3076 cap.
703 3037 721 3068 2
750 3038 784 3067 et
810 3037 839 3067 7.
980 3033 995 3055 ⁵
1021 3033 1100 3065 Scil.
1127 3034 1161 3064 in
1189 3033 1296 3072 Resp.
1323 3040 1405 3072 pag.
1435 3032 1499 3063 154
1520 3040 1547 3063 s.
