2095 3459
313 178 360 217 98
828 182 849 215 J
852 180 1006 216 ohannis
1033 174 1202 216 Pechami
1228 173 1480 221 Quaestiones.

454 281 487 316 9.
513 280 612 316 Item
650 279 760 316 nulla
796 289 933 324 poena
971 280 1052 316 stat
1089 289 1179 315 cum
1217 280 1380 316 animae
1414 281 1679 317 beatitudine.
1730 281 1811 318 Sed
1845 281 1992 324 anima,

317 339 508 384 quamdiu
535 339 598 375 est
623 339 816 383 separata
841 348 866 374 a
892 347 1076 383 corpore,
1104 339 1168 374 est
1194 338 1376 375 obnoxia
1400 348 1573 384 poenae.
1612 339 1717 386 Ergo
1746 342 1821 377 etc.
1863 340 1994 377 Minor

316 398 530 443 probatur:
570 396 672 438 Quia
698 397 894 442 quidquid
919 407 992 442 pro
1019 406 1156 442 poena
1190 397 1394 443 infligitur,
1433 399 1547 435 tenet
1583 399 1786 435 rationem
1819 409 1993 444 poenae,

317 458 450 493 donec
475 458 725 492 amoveatur.
777 456 858 493 Sed
884 456 1090 501 separatio
1118 456 1280 493 animae
1307 466 1332 492 a
1358 466 1532 502 corpore
1558 457 1713 494 inflicta
1740 460 1802 494 est
1840 458 1994 494 homini

317 516 357 552 in
383 525 571 561 poenam.
620 514 725 561 Ergo
753 524 917 560 semper
944 516 1007 551 est
1033 524 1179 559 poena,
1207 516 1341 551 donec
1367 517 1618 553 amoveatur.

457 575 510 611 10.
545 574 645 610 Item
680 574 999 618 unumquodque
1038 575 1101 609 est
1137 574 1305 619 propter
1340 584 1456 610 suam
1483 575 1778 620 operationem.
1827 575 1932 621 Ergo
1961 575 1995 612 si

109 638 170 670 sol.
198 638 298 670 29⁰1)
318 634 454 670 anima
478 633 614 669 unitur
640 632 812 678 corpori,
839 633 918 668 hoc
940 632 1015 668 erit
1035 642 1110 677 per
1131 633 1415 678 operationem
1436 643 1500 670 su·
1517 638 1530 677 Η
1548 644 1614 670 am
1634 634 1857 680 perfectius
1880 644 1995 671 exer-

318 693 501 730 cendum.
553 692 633 729 Sed
668 692 852 737 operatio
890 691 978 728 eius
1014 691 1229 736 potissima
1262 693 1325 728 est
1351 692 1591 739 intelligere.
1641 693 1747 739 Ergo
1773 692 1994 738 perfectius

318 753 486 788 exercet
513 761 604 788 eam
630 751 849 786 coniuncta
875 750 1037 795 corpori
1063 759 1185 794 quam
1211 760 1235 786 a
1262 760 1435 796 corpore
1461 752 1662 797 separata.

459 813 513 846 11.
548 810 647 846 Item
681 819 765 845 non
801 810 865 845 est
897 809 1081 854 perfecta
1115 809 1324 845 beatitudo
1352 809 1393 845 in
1420 810 1603 847 carentia
1629 810 1866 846 naturaliter
1891 810 1996 846 desi·
2017 818 2049 843 10

319 870 458 906 derati.
510 869 590 905 Sed
617 869 753 905 anima
778 868 1016 904 naturaliter
1038 867 1246 904 desiderat
1266 878 1415 913 corpus
1437 878 1565 905 suum.
1615 869 1692 905 Per
1713 869 1994 914 operationem

318 931 455 965 autem
481 928 711 964 intellectus
738 927 1007 964 beatificatur.
1057 926 1163 973 Ergo
1191 937 1399 972 nunquam
1424 927 1608 973 perfecte
1636 925 1828 973 operatur
1852 937 1996 964 secun-

319 989 414 1024 dum
439 988 699 1028 intellectum,
727 986 803 1022 nisi
831 985 993 1031 corpori
1027 986 1199 1021 uniatur.
1250 986 1396 1022 Posset
1432 987 1686 1032 responderi,
1726 987 1834 1031 quod
1860 986 1996 1023 anIma

320 1047 454 1083 unitur
480 1046 642 1092 corpori
667 1047 709 1082 ut
736 1045 934 1090 perfectio
963 1044 1208 1087 essentialis,
1247 1045 1302 1081 ita
1340 1046 1479 1082 tamen
1515 1047 1622 1091 quod
1656 1046 1761 1082 ratio
1788 1046 1993 1091 appetitus

320 1106 370 1142 sit
397 1116 422 1142 a
447 1107 562 1151 parte
590 1106 785 1151 corporis,
812 1115 894 1142 non
920 1110 944 1141 a'
969 1106 1085 1150 parte
1105 1104 1278 1141 animae.
1329 1104 1499 1142 Contra:
1525 1105 1586 1141 Ex
1605 1105 1741 1142 anima
1762 1107 1802 1142 et
1823 1115 1995 1150 corpore
2017 1112 2049 1137 15

317 1165 363 1201 fit
388 1174 488 1201 vere
515 1174 639 1201 unum
666 1166 706 1201 et
732 1164 852 1201 tertia
877 1165 1034 1200 natura.
1085 1163 1167 1199 Sed
1193 1164 1272 1199 hoc
1298 1173 1382 1200 non
1407 1165 1544 1209 potest
1580 1174 1676 1201 esse
1709 1164 1799 1201 sine
1831 1164 1997 1203 inclina-

319 1224 430 1261 tione
457 1225 606 1260 mutua.
654 1223 766 1260 Haec
793 1223 902 1259 enim
929 1224 992 1259 est
1016 1223 1133 1264 ratio,
1160 1232 1287 1268 quare
1314 1232 1369 1259 ex
1394 1223 1608 1260 accidente
1636 1224 1676 1259 et
1702 1223 1886 1259 subiecto
1914 1233 1996 1259 non

319 1283 364 1319 fit
388 1293 488 1319 vere
514 1292 648 1325 unum,
675 1283 770 1327 quia
795 1282 990 1319 accidens
1015 1281 1113 1318 licet
1138 1281 1355 1318 inclinetur
1382 1282 1658 1318 essentialiter
1686 1282 1737 1318 ad
1771 1282 1997 1318 subiectum

321 1352 449 1384 suum,
476 1344 613 1378 tamen
640 1351 723 1378 non
750 1342 929 1378 econtra.
979 1340 1084 1387 Ergo
1113 1341 1148 1376 si
1174 1350 1227 1377 ex
1254 1350 1427 1386 corpore
1455 1343 1495 1378 et
1521 1341 1657 1377 anima
1676 1341 1721 1376 111
1742 1351 1840 1377 vere
1861 1350 1996 1382 unum,

319 1411 496 1438 necesse
525 1402 586 1438 est
613 1411 663 1438 ea
689 1401 867 1437 invicem
892 1399 1088 1436 inclinari.
2016 1406 2051 1431 20

461 1462 514 1497 12.
550 1460 649 1498 Item
678 1460 812 1496 nullus
845 1459 1012 1504 sapiens
1040 1460 1080 1494 in
1106 1460 1231 1495 rebus
1259 1459 1457 1495 ordinatis
1484 1459 1536 1495 ad
1560 1459 1687 1496 finem
1711 1459 1808 1495 facit
1833 1459 1996 1504 aliquid,

320 1521 428 1565 quod
463 1520 659 1565 impediat
695 1529 720 1555 a
754 1519 849 1555 fine.
900 1519 942 1555 Si
981 1528 1079 1564 ergo
1119 1518 1255 1554 anima
1293 1518 1430 1554 unitur
1467 1518 1630 1563 corpori
1666 1519 1834 1563 propter
1871 1518 1997 1554 finem

320 1579 513 1622 ultimum,
541 1588 638 1625 ergo
666 1579 776 1615 nullo
803 1578 925 1614 modo
952 1586 1025 1623 per
1052 1587 1200 1622 corpus
1227 1577 1445 1622 impeditur
1464 1587 1489 1613 a
1507 1577 1602 1613 fine.
1651 1577 1757 1623 Ergo
1779 1577 1998 1613 coniuncta

321 1638 493 1683 corpori,
521 1638 666 1674 saltem
692 1637 939 1682 incorrupto,
966 1645 1040 1682 per
1066 1636 1199 1681 ipsum
1226 1645 1309 1672 non
1335 1636 1580 1681 impedietur
1606 1646 1630 1672 a
1649 1636 1745 1677 fine,
1772 1636 1847 1672 sed
1866 1636 1996 1682 magis

320 1698 514 1742 respectu
540 1696 634 1733 finis
669 1696 988 1741 promovebitur.
1039 1694 1269 1731 Deficiente
1308 1696 1443 1731 autem
1480 1704 1526 1731 re
1565 1695 1752 1731 ordinata
1786 1695 1838 1731 ad
1872 1694 1997 1731 finem
2017 1704 2051 1730 25

320 1756 504 1792 turbatur
531 1756 643 1792 ordo.
693 1755 798 1801 Ergo
826 1755 963 1791 anima
989 1755 1122 1790 minus
1149 1755 1258 1790 bene
1285 1754 1421 1790 unitur
1445 1753 1517 1789 fini
1543 1754 1736 1798 separata
1761 1763 1881 1798 quam
1903 1763 1998 1790 con-

321 1815 459 1851 iuncta
484 1815 608 1851 etiam
634 1814 798 1859 corpori
822 1813 1044 1850 innocenti.

252 1919 299 1955 Β,
1076 1907 1256 1944 Contra.

463 1995 493 2029 1.
521 1992 662 2029 Omnis
688 1992 823 2028 motus
850 1991 1045 2028 naturalis
1072 1991 1216 2027 fortior
1242 1991 1306 2027 est
1331 1991 1372 2027 in
1397 1989 1481 2027 fine
1508 2000 1628 2036 quam
1651 1990 1693 2027 in
1713 1989 1910 2035 principio
1931 1990 1997 2027 vel

322 2052 469 2089 medio.
518 2051 623 2098 Ergo
652 2051 687 2087 si
712 2051 848 2087 anima
873 2050 1029 2096 appetit
1055 2050 1160 2086 uniri
1186 2050 1349 2095 corpori
1380 2059 1463 2086 non
1499 2050 1636 2086 habito
1673 2050 1714 2086 et
1748 2059 1823 2094 per
1854 2059 1998 2086 conse·
2017 2058 2051 2084 30

323 2121 454 2157 quens
480 2111 532 2147 ad
558 2111 693 2156 ipsum
718 2110 934 2146 inclinatur
960 2119 1043 2146 non
1069 2109 1261 2151 habitum,
1299 2108 1443 2145 fortius
1478 2110 1676 2145 adhaeret
1713 2108 1792 2154 ipsi
1829 2109 1996 2145 obtento

323 2172 364 2207 et
389 2171 446 2206 ita
471 2169 609 2206 habito
637 2178 759 2214 quam
784 2178 868 2205 non
895 2168 1046 2205 habito.
1096 2168 1202 2214 Ergo
1230 2168 1265 2204 si
1290 2168 1495 2214 appetitus
1522 2167 1690 2213 impedit
1710 2167 1894 2212 corporis
1915 2177 1998 2204 non

324 2229 459 2270 habiti,
486 2228 615 2274 magis
642 2227 839 2273 impediet
865 2228 1050 2272 corporis
1077 2227 1244 2264 obtenti.

462 2289 494 2324 2.
520 2288 620 2324 Item
634 2286 937 2333 Augustinus
951 2289 982 2323 1:
1005 2286 1099 2330 „Hic
1121 2288 1185 2322 est
1198 2296 1313 2323 amor
1326 2286 1367 2322 in
1387 2285 1605 2331 spiritibus,
1627 2286 1734 2330 quod
1756 2286 1818 2321 est
1838 2285 1997 2330 pondus

323 2347 364 2383 in
391 2346 665 2392 corporibus.“
718 2345 800 2382 Sed
825 2355 952 2392 grave
978 2345 1122 2382 fortius
1150 2346 1349 2382 adhaeret
1375 2346 1527 2386 centro,
1555 2354 1675 2390 quam
1702 2344 1915 2380 moveatur
1947 2343 1999 2379 ad
2018 2351 2052 2377 25

324 2406 467 2452 ipsum.
516 2405 620 2451 Ergo
657 2405 762 2440 sicut
796 2403 999 2440 difficilius
1036 2405 1223 2440 movetur
1259 2413 1420 2440 sursum
1446 2413 1471 2440 a
1497 2405 1639 2440 centro
1675 2412 1797 2448 quam
1830 2403 1881 2438 ab
1907 2402 1997 2447 ipso

324 2466 568 2510 separatum,
607 2463 666 2499 sic
691 2463 875 2505 <anima>
901 2462 1105 2499 difficilius
1142 2463 1369 2499 elevabitur
1403 2463 1453 2499 ad
1491 2462 1714 2507 spiritualia
1750 2462 1941 2506 separata
1975 2470 1999 2497 a

325 2533 498 2569 corpore
525 2533 643 2568 quam
672 2522 750 2567 ipsi
777 2522 1006 2559 coniuncta.

462 2584 494 2619 3.
530 2582 629 2618 Item
665 2581 797 2617 omnis
833 2582 960 2618 virtus
997 2582 1110 2618 unita
1144 2581 1234 2626 plus
1271 2582 1334 2617 est
1368 2580 1527 2617 infinita
1553 2590 1674 2625 quam
1700 2580 1998 2626 multiplicata2.

325 2641 461 2677 Virtus
497 2641 634 2677 autem
668 2640 830 2676 animae
868 2640 1113 2676 coniunctae
1150 2639 1312 2685 corpori
1348 2640 1437 2684 plus
1476 2639 1762 2684 multiplicatur
1788 2648 1907 2684 quam
1935 2647 1998 2675 se-
2017 2645 2050 2670 40

326 2701 505 2745 paratae.
554 2699 659 2745 Ergo
688 2700 761 2736 etc.
813 2699 944 2735 Minor
970 2700 1184 2744 probatur:
1224 2698 1328 2740 Quia
1358 2698 1485 2734 virtus
1522 2699 1609 2735 eius
1644 2697 1840 2734 naturalis
1871 2697 1999 2734 multi-

326 2759 497 2804 plicatur
522 2768 596 2804 per
621 2759 736 2795 actus
763 2758 1108 2803 apprehensionis
1136 2757 1342 2794 sensibilis
1369 2758 1457 2800 <et>
1483 2766 1557 2802 per
1581 2758 1696 2793 actus
1723 2756 1931 2798 motorIos,
1960 2757 1999 2792 et

467 2875 485 2907 2
507 2873 679 2913 obnoxia]
694 2874 840 2907 obnexa
913 2875 931 2906 4
953 2873 1035 2913 Sed]
1052 2882 1139 2915 ergo
1214 2874 1255 2906 14
1276 2872 1338 2912 ita]
1353 2882 1424 2905 non
1497 2873 1539 2906 24
1554 2870 1638 2911 11011]
1653 2873 1683 2905 si
1753 2873 1798 2904 35
1813 2870 1895 2911 Sed]
1910 2880 1999 2914 ergo

467 2986 479 3009 1
504 2987 570 3028 Ep.
597 2987 642 3021 55
667 2985 774 3026 (alias
802 2982 884 3028 119)
911 2987 930 3018 5
956 2984 1027 3026 (PL
1053 2986 1107 3026 33,
1134 2986 1200 3018 212
1225 2995 1258 3018 n.
1287 2981 1356 3027 18).

467 3039 482 3062 2
507 3040 582 3073 Lib.
609 3040 652 3073 de
679 3040 824 3077 causis,
850 3048 953 3080 prop.
982 3039 1023 3072 16
1050 3038 1098 3081 (p.
1127 3037 1218 3077 179).
