2095 3459
701 203 874 242 Quaestio
901 205 991 237 XXII
1017 206 1052 238 et
1079 203 1194 238 XXIII.
1717 200 1783 238 175

105 301 393 346 cognoscibilis
433 302 658 338 secundum
697 302 896 347 quasdam
934 303 1116 338 rationes
1157 312 1277 346 quam
1316 302 1541 338 secundum
1574 302 1687 339 alias.
1737 301 1784 338 Et

105 360 200 396 ideo
227 360 366 396 dicunt
392 362 555 406 quidam
584 362 824 398 hierarchici
851 362 1048 407 quasdam
1077 362 1283 397 theorias¹
1311 371 1407 397 esse
1435 362 1783 407 contemplabiles,

106 420 305 465 quasdam
333 420 729 465 incontemplabiles.
781 421 826 457 V.
848 431 883 466 g.
911 421 945 456 si
971 421 1073 466 lapis
1094 421 1256 457 videret
1275 420 1405 456 Deum
1425 430 1498 466 per
1518 421 1783 466 impossibile,

106 479 237 525 magis
265 481 379 515 esset
403 480 716 525 proportionata
753 490 853 517 suae
890 481 1213 526 apprehensioni
1250 480 1355 517 forte
1393 480 1488 516 idea
1526 490 1601 516 sua
1637 481 1784 526 lapidis

71 545 86 570 5
107 548 228 584 quam
255 539 349 575 idea
374 540 522 586 angeli.
573 540 770 576 Rationes
797 539 919 587 igitur
945 540 1207 585 exemplares
1238 540 1277 575 in
1304 540 1391 576 Deo
1418 539 1548 586 magis
1577 541 1670 576 sunt
1694 550 1786 585 pro-

107 598 367 644 portionatae
394 599 619 635 intellectui
640 599 817 635 humano
840 608 960 644 quam
981 598 1164 636 rationes
1183 609 1266 635 non
1288 599 1560 644 exemplares.
1598 599 1785 635 Infinitae

107 658 214 694 enim
242 659 337 694 sunt
362 659 546 695 rationes
573 659 836 695 invisibilium
871 659 912 695 in
948 658 1048 701 Deo,
1087 669 1179 695 cum
1213 658 1372 695 infinita
1410 658 1462 694 sit
1499 659 1683 704 potentia
1720 659 1785 713 ibi,

107 727 197 753 cum
225 718 348 753 etiam
374 718 559 754 infinitos
587 727 782 754 numeros
810 719 1036 764 cognoscat
1067 718 1189 760 Deus,
1227 719 1270 754 ut
1304 718 1427 754 docet
1462 718 1786 764 Augustinus,

108 777 165 812 De
182 777 359 813 civitate
379 777 480 821 XII„
506 787 594 822 cap.
617 779 685 813 142
709 778 750 814 et
769 778 914 822 posset
933 777 1093 813 infinita
1112 777 1262 819 facere,
1289 786 1395 823 quae
1416 786 1499 813 non
1519 776 1625 814 facit.
1664 777 1787 813 Ideae

56 840 88 864 10
107 837 244 872 autem
281 837 375 872 sunt
407 835 562 878 finitae,
603 837 643 873 et
677 837 816 873 tamen
855 846 999 873 omnes
1034 837 1155 873 ideae
1193 837 1233 872 et
1266 836 1449 872 rationes
1477 837 1666 873 causales
1694 838 1788 873 sunt

107 894 283 940 idipsum
311 895 538 932 secundum
564 905 652 932 rem
679 895 856 932 omnino.

249 954 366 995 Quod
394 964 492 1001 ergo
520 964 603 991 non
629 955 803 1001 attingat
828 955 959 991 Deum
986 956 1062 991 sub
1089 955 1198 991 omni
1224 955 1395 997 ratione,
1435 955 1509 990 sub
1537 964 1617 1000 qua
1643 955 1707 991 est
1732 954 1788 990 in-

107 1014 339 1060 telligibilis,
365 1015 557 1060 provenit
584 1024 638 1051 ex
663 1015 801 1060 aliqua
826 1014 946 1050 trium
972 1014 1176 1051 rationum
1202 1014 1522 1059 praedictarum,
1562 1014 1602 1050 et
1628 1023 1710 1050 non
1737 1014 1789 1050 ab

107 1073 244 1119 aliqua
282 1074 583 1119 compositione
621 1075 687 1111 vel
725 1074 829 1111 reali
867 1074 1111 1116 differentia,
1150 1083 1256 1119 quae
1292 1073 1343 1109 sit
1381 1073 1422 1109 in
1460 1073 1607 1109 divinis
1648 1082 1789 1109 essen-

56 1134 88 1160 15
108 1132 280 1169 tialibus
330 1133 571 1179 Exemplum
610 1134 674 1170 est
711 1132 753 1169 in
791 1134 954 1179 puncto,
994 1143 1116 1178 quem
1149 1133 1393 1178 quicumque
1426 1132 1622 1178 intelligit,
1660 1132 1788 1168 totum

109 1192 306 1238 intelligit,
333 1202 417 1229 non
444 1194 583 1229 tamen
609 1193 801 1234 totaliter,
828 1192 869 1228 in
897 1193 1091 1237 quantum
1120 1193 1184 1228 est
1208 1191 1456 1237 attingibilis.

248 1253 280 1287 5.
307 1252 371 1288 Ad
397 1252 579 1297 quintum
607 1252 825 1289 dicendum
851 1251 962 1297 quod
986 1252 1027 1287 in
1053 1252 1133 1288 hoc
1158 1251 1276 1287 aliter
1302 1252 1365 1287 est
1384 1251 1425 1287 in
1447 1251 1565 1287 oculo
1586 1251 1789 1296 corporali

108 1310 173 1346 vel
200 1310 350 1347 visibili
376 1311 591 1357 corporali,
619 1312 727 1356 quod
755 1312 819 1348 est
845 1321 1005 1357 corpus,
1033 1321 1154 1356 quam
1180 1310 1456 1352 intellectuali,
1492 1312 1535 1347 ut
1560 1311 1640 1347 iam
1666 1311 1789 1356 patet.

248 1371 280 1406 6.
307 1370 368 1406 Ad
396 1371 560 1407 sextum
587 1371 805 1407 dicendum
832 1371 939 1416 quod
978 1370 1210 1406 intellectus
1249 1379 1333 1406 non
1371 1369 1575 1415 gloriosus
1613 1379 1696 1406 non
1735 1370 1791 1405 in-

57 1435 92 1460 ‘20
112 1428 255 1475 telligit
281 1429 403 1474 plene
430 1430 607 1475 aliquam
633 1430 850 1466 veritatem
878 1430 1059 1466 creatam
1084 1429 1416 1474 insplendentem
1447 1429 1622 1465 animae.
1671 1428 1789 1464 Unde

112 1488 437 1533 Augustinus,
463 1489 523 1525 De
551 1489 653 1525 Vera
671 1489 935 1533 Reliyioness:
964 1488 1090 1532 „Quid
1117 1488 1273 1533 appetit
1299 1487 1526 1530 curiositas,
1552 1487 1630 1523 nisi
1656 1487 1791 1533 cogni-

111 1547 344 1590 tione<m>?
376 1548 492 1589 Quae
519 1549 634 1585 certa
662 1558 757 1585 esse
784 1558 866 1584 non
893 1549 1040 1593 potest,
1079 1547 1158 1584 nisi
1193 1546 1268 1592 pe'r
1301 1556 1438 1583 rerum
1463 1548 1724 1583 aeternarum
1751 1547 1792 1582 et

113 1606 260 1642 eodem
285 1606 408 1643 modo
436 1616 482 1643 se
508 1607 747 1643 habentium
774 1608 972 1651 semper.“
1022 1606 1070 1642 Et
1105 1606 1200 1651 quia
1233 1606 1355 1651 plene
1391 1615 1474 1642 non
1500 1605 1660 1651 attingit
1685 1604 1789 1641 veri-

111 1666 239 1701 tatem
264 1665 374 1701 illam
400 1667 442 1702 et
467 1666 651 1702 rationes
678 1666 886 1704 aeternas,
924 1666 1019 1702 ideo
1056 1666 1231 1702 obscure
1270 1665 1383 1701 vide't
1418 1665 1539 1701 istam
1576 1665 1790 1701 veritatem

58 1726 93 1752 25
113 1725 306 1760 creatam.
357 1725 487 1761 Aliter
512 1725 589 1761 erit
613 1725 655 1761 in
680 1725 823 1770 patria.

253 1783 508 1829 Argumenta
545 1784 585 1820 in
624 1784 873 1827 contrarium
910 1784 1076 1821 inducta
1115 1784 1287 1821 concedi
1324 1784 1513 1829 possunt,
1558 1782 1792 1828 specialiter

112 1842 193 1878 duo
220 1842 361 1887 prima.
608 1859 611 1862 ⁴

256 1901 312 1937 Ad
341 1902 527 1938 tertium4
554 1902 770 1939 dicendum
791 1903 901 1949 quod
923 1903 1147 1939 secundum
1169 1903 1493 1949 Augustinum
1518 1902 1589 1937 lux
1607 1902 1793 1938 increata

112 1960 204 2005 ipsa
224 1961 404 1997 ostendit
425 1961 572 2003 omnia,
592 1971 671 1998 nec
687 1964 826 1998 tamen
845 1972 891 1998 se
911 1962 1042 2007 ipsam
1063 1962 1242 1998 ostendit
1262 1961 1475 1998 obiective.
1512 1960 1634 1997 Cuius
1655 1969 1793 1997 exem-

62 2027 97 2052 30
115 2020 225 2064 plum
252 2021 316 2055 est
340 2020 382 2055 in
408 2020 550 2065 specie
573 2021 635 2057 rei
659 2021 831 2058 visibilis
859 2022 1095 2067 corporalis,
1134 2031 1240 2066 quae
1276 2020 1455 2057 ostendit
1488 2021 1540 2062 id,
1578 2019 1692 2056 cuius
1729 2020 1793 2055 est

115 2078 290 2123 species,
305 2088 384 2115 nec
398 2080 537 2116 tamen
553 2073 734 2117 ostendit
748 2080 974 2117 essentiam
989 2090 1115 2123 suam,
1130 2080 1210 2116 nisi
1223 2081 1266 2117 ut
1286 2081 1350 2116 est
1370 2079 1539 2116 alterius
1561 2078 1789 2115 similitudo.

253 2136 301 2173 Et
328 2138 386 2174 sic
413 2138 631 2175 dicendum
657 2140 709 2176 ad
735 2141 923 2185 quartum
950 2141 990 2176 et
1016 2134 1212 2185 quintum.

324 2220 581 2266 Responsio
607 2222 692 2270 <ad
718 2222 1037 2267 quaestionem
1061 2222 1329 2259 vicesimam
1354 2221 1572 2262 tertiam>.
1798 2211 2001 2249 C·XXH1·

254 2290 317 2326 Ad
343 2292 463 2328 tertio
491 2293 721 2337 quaesitum
747 2293 887 2329 dicunt
912 2293 1077 2338 quidam
1103 2293 1212 2338 quod
1238 2293 1440 2338 quaedam
1462 2292 1566 2333 sunt,
1593 2301 1698 2337 quae
1718 2300 1792 2336 per

62 2356 97 2381 35
117 2349 343 2386 essentiam
368 2360 451 2386 non
479 2352 573 2387 sunt
596 2352 639 2387 in
665 2352 812 2392 anima.
844 2353 888 2388 ut
919 2352 1043 2398 lapis;
1084 2353 1125 2388 et
1156 2352 1253 2388 talia
1279 2362 1361 2388 non
1386 2351 1675 2396 intelliguntur,
1713 2349 1791 2386 nisi

116 2418 192 2453 per
217 2408 514 2452 similitudines,
541 2420 648 2455 quae
675 2412 715 2447 et
740 2411 842 2456 ipsa,
869 2420 1039 2456 quarum
1063 2411 1167 2452 sunt,
1195 2410 1407 2446 notificant
1427 2410 1468 2446 et
1488 2409 1691 2446 calificant
1709 2409 1790 2444 vim

116 2467 408 2508 intellectivam
444 2470 485 2504 et
519 2469 739 2506 informant
773 2471 825 2506 ad
859 2470 1082 2506 videndum
1117 2469 1157 2505 in
1192 2470 1295 2505 actu.
1347 2468 1428 2505 Sed
1462 2468 1531 2504 illa
1567 2477 1671 2512 quae
1699 2465 1792 2503 sunt

118 2526 396 2563 essentialiter
431 2527 474 2563 in
511 2528 731 2570 intellectu,
769 2538 853 2564 non
891 2528 1081 2564 videntur
1115 2537 1188 2573 per
1219 2527 1339 2564 aliam
1371 2526 1674 2563 similitudinem
1711 2526 1791 2561 nisi
1834 2534 1837 2536 ·

118 2586 227 2630 quod
264 2585 354 2631 ipsa
390 2587 577 2631 potentia
614 2587 822 2633 cognitiva
859 2586 1107 2623 assimilatur
1143 2586 1221 2631 ipsi
1258 2585 1542 2631 cognoscibili,
1581 2586 1624 2621 ut
1661 2584 1791 2629 possit

65 2656 99 2680 40
118 2643 249 2688 ipsum
277 2645 430 2687 videre,
457 2646 566 2690 quod
591 2655 667 2691 per
691 2655 737 2682 se
764 2646 828 2682 est
853 2655 1054 2690 praesens
1080 2644 1314 2681 intellectui.

258 2702 427 2739 Contra:
459 2703 571 2740 Deus
592 2704 682 2749 plus
703 2704 957 2740 transcendit
975 2703 1225 2740 intellectum
1245 2704 1424 2739 creatum
1447 2702 1791 2739 immaterialitate

120 2770 242 2806 quam
268 2761 499 2798 intellectus
528 2764 691 2799 creatus
717 2762 906 2807 lapidem.
951 2762 1057 2807 Ergo
1085 2762 1189 2798 sicut
1214 2764 1343 2804 <non>
1370 2762 1433 2797 est
1458 2761 1790 2806 proportionatus

261 2848 280 2880 2
300 2848 515 2881 hierarchici
526 2847 586 2888 (‘?)]
606 2849 774 2889 ierargici
847 2848 890 2880 20
910 2847 1113 2886 veritatem]
1133 2848 1300 2880 virtutem
1374 2847 1414 2879 21
1438 2846 1588 2887 appetit]
1609 2847 1793 2887 appetitur

261 2929 273 2952 1
299 2927 472 2973 θεωρίας)
499 2938 548 2963 sc.
575 2930 727 2963 divinas.

260 2981 275 3004 2
299 2983 351 3015 Ibi
374 2992 447 3015 non
472 2983 610 3021 inveni;
649 2983 716 3015 sed
741 2983 906 3015 videatur
939 2983 991 3015 De
1017 2983 1091 3015 Civ.
1117 2983 1193 3020 Dei,
1220 2982 1290 3020 XII,
1319 2982 1360 3013 18
1386 2981 1457 3020 (PL
1483 2982 1537 3020 41,
1559 2980 1639 3021 367)
1666 2982 1702 3013 et
1727 2981 1789 3013 cfr.

123 3041 175 3073 De
204 3041 315 3079 Trin„
340 3040 397 3080 VI,
423 3050 502 3081 cap.
529 3041 665 3073 ultimo.

262 3092 277 3115 3
303 3093 391 3133 Cap.
419 3093 461 3125 52
488 3092 559 3132 (PL
585 3093 638 3132 34,
667 3094 732 3126 167
758 3102 791 3125 n.
821 3093 911 3131 101).
1053 3091 1211 3133 4-Supra
1235 3101 1318 3133 pag.
1347 3092 1429 3131 168;
1455 3092 1482 3124 B
1508 3092 1539 3124 3.
