2095 3459
524 563 884 631 Conspectus
925 567 1343 631 quaestionum.

767 716 886 756 Pars
917 716 1099 766 prima:

676 803 943 841 Quaestiones
969 804 1019 836 de
1045 805 1191 837 anima.

183 880 205 912 I.
234 880 426 916 Quaeritur
450 882 568 912 utrum
594 880 713 912 anima
738 880 925 912 rationalis
952 881 998 913 sit
1024 889 1071 913 ex
1096 881 1245 914 traduce
1308 909 1545 916 .....
1590 894 1623 925 p.
1653 886 1763 918 1—12
1822 875 1828 902 ἶ

169 940 207 972 ΙΙ.
235 939 425 976 Quaeritur
449 940 567 972 utrum
593 940 713 972 anima
737 937 925 972 rationalis
951 940 997 972 sit
1021 941 1233 973 immortalis
1304 968 1600 976 ......
1629 944 1829 977 12--2814ν

151 999 204 1032 ΙΠ.
232 999 423 1036 Quaeritur
447 999 564 1031 utrum
590 999 762 1039 possibile
789 999 836 1031 sit
860 999 896 1031 in
922 1008 993 1032 uno
1018 1000 1161 1033 homine
1188 1009 1270 1033 esse
1296 1002 1386 1034 duas
1408 1002 1546 1035 animas
1569 1004 1766 1036 secundum

237 1067 396 1091 errorem
422 1058 624 1091 Manichaei
649 1059 710 1090 aut
735 1058 806 1090 alio
831 1059 937 1091 modo
1013 1085 1600 1095 ...........
1628 1063 1763 1096 29—38
1776 1076 1809 1080 Ἢ

153 1118 208 1151 IV.
237 1118 428 1155 Quaeritur
462 1126 528 1158 per
561 1118 769 1158 oppositum
803 1118 919 1150 utrum
955 1127 1045 1151 unus
1081 1120 1136 1151 est
1170 1120 1372 1153 intellectus
1404 1121 1440 1153 in
1466 1122 1629 1154 omnibus
1654 1122 1766 1154 homi-

235 1178 340 1210 nibus
374 1202 1601 1213 ......................
1628 1181 1764 1214 38—59
1782 1188 1810 1191 “⁷

171 1236 212 1270 V.
240 1237 431 1274 Quaeritur
455 1237 573 1269 utrum
598 1236 721 1277 aliqua
745 1236 809 1268 lux
836 1237 888 1268 sit
907 1237 1160 1270 intellectualis
1187 1247 1258 1271 una
1281 1247 1442 1278 numero,
1478 1240 1513 1272 in
1545 1249 1616 1280 qua
1647 1241 1767 1273 omnia

238 1296 528 1329 intellectualiter
553 1297 829 1337 cognoscuntur,
856 1296 934 1329 sive
960 1297 1022 1328 lux
1047 1305 1120 1329 una
1145 1298 1268 1330 creata
1293 1298 1370 1331 sive
1395 1299 1558 1332 increata
1595 1326 1601 1332 .
1631 1300 1763 1332 59—71
1809 1310 1826 1318 *⁴

155 1355 211 1388 VI.
239 1355 430 1392 Quaeritur
454 1356 556 1387 iuxta
580 1355 649 1387 hoc
673 1356 790 1387 utrum
815 1356 906 1388 ratio
933 1356 1100 1396 superior
1125 1357 1160 1388 et
1184 1357 1343 1396 inferior,
1379 1357 1423 1390 de
1456 1358 1584 1398 quibus
1609 1359 1768 1399 loquitur

239 1414 472 1456 Augustinus,
511 1415 582 1447 sint
615 1415 710 1447 idem
745 1415 840 1455 quod
874 1415 1077 1447 intellectus
1113 1424 1227 1456 agens
1263 1417 1298 1448 et
1331 1417 1526 1457 possibilis,
1565 1418 1608 1450 de
1636 1418 1765 1458 quibus

240 1474 398 1514 loquitur
420 1474 661 1515 Philosophus
725 1500 1601 1509 ................
1630 1478 1765 1509 71-75
1783 1466 1832 1492 4.-

141 1534 212 1566 VII.
240 1533 431 1571 Quaeritur
455 1534 571 1565 utrum
597 1532 794 1574 cogitativa
818 1534 943 1573 virtus,
969 1534 1160 1566 irascibilis
1188 1535 1223 1566 et
1248 1535 1538 1575 concupiscibilis
1573 1536 1644 1568 sint
1668 1536 1765 1569 vires

241 1592 439 1625 sensitivae
463 1593 601 1625 tantum
626 1602 672 1625 an
698 1593 807 1625 etiam
832 1593 904 1625 sint
928 1593 1171 1625 intellectivae
1247 1619 1601 1628 .......
1629 1596 1764 1628 75-79
1782 1603 1815 1608 J

128 1652 214 1685 VIII.
242 1652 432 1689 Quaeritur
465 1652 583 1684 utrum
617 1660 662 1684 ea
695 1660 788 1692 quae
822 1652 1004 1692 pertinent
1038 1652 1084 1684 ad
1118 1653 1260 1684 tertium
1295 1661 1409 1694 genus
1435 1654 1594 1694 visionis,
1630 1654 1767 1687 scilicet

243 1711 289 1744 ad
312 1711 490 1743 visionem
520 1710 808 1750 intellectualem,
847 1713 1112 1752 cognoscuntur
1147 1720 1213 1744 ner
1246 1712 1388 1753 species
1424 1721 1446 1745 a
1479 1722 1520 1745 se
1555 1713 1766 1746 differentes

1448 1771 1603 1812 80—833
1630 1772 1765 1805 84-88
1786 1787 1805 1791 »<

161 1830 217 1862 ΙΧ.
243 1829 436 1866 Quaeritur
474 1829 576 1861 iuxta
615 1828 684 1861 hoc
717 1829 834 1860 utrum
867 1828 983 1860 omnis
1020 1829 1177 1870 cognitio
1214 1829 1466 1862 intellectualis
1506 1831 1552 1863 sit
1588 1831 1768 1864 mediante

242 1888 496 1930 phantasmate
551 1912 1486 1921 .................
1550 1890 1696 1927 83-84,
1724 1890 1766 1922 88
1783 1885 1810 1889 ”’

179 1948 219 1980 Χ.
247 1947 437 1985 Quaeritur
461 1947 505 1979 de
531 1947 737 1988 cognitione
763 1947 904 1979 animae
938 1948 1143 1987 separatae,
1183 1948 1337 1988 qualiter
1370 1948 1538 1981 videlicet
1572 1950 1769 1990 cognoscat

244 2007 486 2048 particularia,
513 2006 630 2038 utrum
655 2015 722 2046 per
740 2006 813 2038 vim
838 2006 1050 2039 sensitivam
1075 2007 1136 2039 aut
1161 2015 1228 2047 per
1252 2007 1325 2039 vim
1348 2007 1605 2040 intellectivam
1632 2008 1767 2040 88—96
1792 2012 1832 2019 ‘¹'

163 2067 218 2099 XI.
245 2066 437 2103 Quaeritur
461 2066 505 2098 de
530 2065 751 2098 beatitudine
776 2065 918 2097 animae
952 2066 1146 2106 separatae
1181 2065 1373 2106 gloriosae,
1408 2067 1525 2098 utrum
1559 2076 1626 2107 per
1657 2076 1768 2108 appe-

244 2126 346 2158 titum
372 2125 533 2165 corporis
559 2124 753 2164 aliquando
779 2124 994 2165 impediatur
1019 2125 1063 2157 ab
1090 2125 1229 2157 actibus
1256 2125 1394 2166 gloriae
1424 2151 1431 2158 .
1482 2151 1488 2158 .
1539 2151 1546 2158 .
1608 2126 1768 2159 97-104

147 2185 217 2218 XII.
245 2184 439 2226 Supposito
466 2184 563 2224 quod
587 2184 634 2216 sit
657 2183 706 2216 ibi
730 2184 1036 2224 impedimentum,
1076 2184 1260 2224 quaeritur
1293 2185 1354 2217 aut
1389 2185 1445 2217 est
1478 2185 1672 2217 maximum
1706 2186 1768 2217 im-

247 2244 489 2284 pedimentum
514 2243 716 2277 Intellectus
743 2243 804 2275 aut
829 2242 983 2280 affectus
1018 2268 1547 2277 ..........
1599 2244 1674 2284 100,
1703 2244 1768 2277 104

741 2333 859 2373 Pars
891 2333 1133 2373 secunda:

399 2421 663 2458 Quaestiones
688 2421 738 2453 de
764 2420 1010 2453 beatitudine
1036 2420 1224 2460 corporis
1244 2421 1285 2453 et
1310 2421 1481 2453 animae.

138 2499 221 2531 XIII.
249 2498 440 2535 Quaeritur
456 2498 574 2531 utrum
593 2506 725 2538 corpus
744 2497 897 2530 hominis
918 2497 1150 2537 corruptibile
1170 2498 1286 2537 possit
1304 2498 1453 2530 induere
1466 2498 1770 2538 incorruptionem

248 2566 398 2590 manens
423 2558 460 2589 in
484 2557 608 2597 specle
632 2557 786 2589 hominis
813 2581 1225 2590 ........
1240 2588 1242 2590 ,
1276 2582 1514 2589 .....
1588 2557 1768 2589 107-119

134 2616 220 2649 XIV.
248 2616 438 2653 Quaeritur
462 2616 507 2649 de
531 2624 723 2656 corporum
748 2615 985 2656 gloriosorum
1010 2615 1216 2654 subtilitate,
1243 2616 1359 2647 utrum
1385 2624 1431 2647 ex
1458 2616 1540 2648 dote
1565 2615 1770 2648 subtilitatis

248 2684 356 2707 unum
381 2684 512 2716 corpus
532 2675 728 2716 gloriosum
747 2675 865 2715 possit
883 2683 965 2707 esse
985 2675 1090 2706 simul
1110 2683 1190 2707 cum
1211 2674 1280 2706 alio
1299 2683 1372 2707 non
1391 2675 1550 2716 glorioso
1589 2674 1769 2707 120—132

152 2735 223 2767 XV.
250 2735 352 2767 quta
376 2735 444 2767 hoc
471 2734 713 2775 quaerebatur
737 2734 854 2766 utrum
879 2742 1010 2774 corpus
1045 2734 1243 2775 gloriosum
1275 2735 1402 2774 posset
1437 2742 1519 2766 esse
1553 2734 1658 2766 simul
1691 2742 1770 2765 cum

249 2794 319 2826 alio
344 2802 497 2833 corpore
523 2793 683 2834 glorioso
755 2817 1341 2825 ...........
1364 2792 1561 2830 124—125;
1589 2792 1769 2825 132—133

135 2852 221 2885 XVI.
250 2852 440 2889 Quaeritur
457 2853 575 2885 utrum
599 2861 755 2893 corpora
779 2852 940 2893 gloriosa
958 2851 1078 2884 futura
1103 2852 1186 2884 sunt
1214 2851 1333 2892 agilia,
1362 2852 1413 2883 ita
1442 2852 1537 2892 quod
1565 2852 1611 2883 ad
1637 2852 1771 2883 motum

251 2912 397 2952 spiritus
422 2912 564 2952 possint
583 2911 720 2943 moveri
745 2911 791 2943 ad
816 2919 957 2943 omnem
982 2911 1122 2951 partem
1154 2933 1161 2940 .
1213 2936 1219 2942 .
1270 2936 1276 2942 .
1303 2919 1337 2950 p.
1366 2910 1561 2948 133—134;
1590 2910 1769 2942 140—143

126 2970 227 3003 XVII.
254 2969 449 3011 Supposito
476 2970 571 3010 quod
595 2970 818 3008 moveantur,
854 2969 1038 3010 quaeritur
1068 2969 1184 3001 utrum
1209 2969 1350 3009 possint
1373 2969 1511 3001 moveri
1534 2969 1593 3001 vel
1617 2969 1771 3001 transire

251 3029 407 3061 medium
431 3029 548 3061 subito
578 3051 1336 3061 ..............
1364 3027 1562 3070 1344—140;
1590 3027 1770 3059 143-149

115 3087 231 3120 XVIII.
259 3088 448 3125 Quaeritur
472 3088 589 3119 utrum
614 3095 768 3128 corpora
792 3087 953 3128 gloriosa
977 3087 1047 3118 sint
1072 3086 1190 3118 lutura
1215 3086 1323 3121 clara,
1366 3085 1563 3124 150—152;
1591 3085 1770 3118 154—159
