2095 3459
788 174 959 211 Quaestio
986 174 1038 207 III.
1704 164 1748 206 33

221 272 372 310 Contra
410 273 517 318 quod
557 272 694 308 Plato
733 272 907 308 animam
949 272 987 307 in
1026 272 1129 308 duos
1168 271 1304 307 divisit
1343 271 1514 307 circulos
1551 272 1591 307 et
1626 280 1745 306 unum

80 335 236 371 illorum
264 332 500 378 septenaria
525 331 785 368 distinctione
813 331 1035 376 pertingit¹.

220 392 298 429 Alii
336 393 521 431 econtra,
561 393 603 427 ut
640 390 958 428 Manichaei2.
1010 391 1166 435 ponunt
1205 391 1309 426 hanc
1347 390 1615 426 rebellionem
1654 398 1749 425 esse

81 453 229 489 malum
256 452 426 488 naturae
455 451 644 487 conditae
673 453 714 486 et
739 450 881 486 horum
908 450 1160 495 appetituum
1188 459 1284 485 esse
1312 449 1509 494 principia
1528 449 1750 491 <diversa>,

45 521 61 546 5
80 513 182 549 duas
210 511 366 548 scilicet
391 511 549 547 animas
577 520 745 555 quarum
768 519 848 545 una
869 511 977 545 bona
998 511 1038 545 et
1058 510 1109 545 de
1131 509 1206 545 Dei
1227 509 1464 550 substantia,
1491 509 1620 545 altera
1646 508 1752 544 mala

80 582 105 608 a
130 572 209 608 deo
236 571 355 612 malo,
382 580 487 615 quae
516 579 592 606 nec
618 571 755 614 potest
782 571 887 605 bene
914 569 1062 610 tacere,
1090 569 1194 605 sicut
1220 578 1296 604 nec
1323 568 1451 613 prima
1477 568 1750 604 malefacere.

221 630 374 666 Primus
402 639 516 665 error
541 629 843 674 improbabitur,
876 639 966 665 cum
994 629 1044 665 de
1072 629 1150 664 hoc
1177 629 1376 674 tangetur.
1428 627 1589 664 Interim
1615 630 1749 664 autem

81 690 132 726 ad
154 689 242 726 eius
263 688 603 734 improbationem
625 688 800 724 sufficiat
817 689 985 724 verbum
1007 687 1287 733 Augustini,
1309 688 1368 723 De
1383 688 1527 723 Libero
1542 687 1753 723 Arbitrio-‘³

82 749 272 786 dicentis:
296 748 359 791 „Si
379 748 603 784 secundum
626 749 809 784 naturam
832 748 945 783 esset
966 747 1311 792 concupiscentia,
1328 748 1595 783 conservaret
1614 746 1752 791 utique

31 816 63 842 10
82 809 279 849 naturam,
306 817 383 844 nec
411 807 449 843 ei
473 807 707 852 pernicibsa
734 809 858 842 esset.
898 807 988 842 Plus
1017 806 1180 851 quidem
1209 806 1335 852 exigit
1363 807 1427 842 vel
1453 806 1607 851 appetit
1633 815 1752 851 quam

83 867 160 904 sibi
198 867 324 913 exigit
363 868 533 903 naturae
573 866 717 902 modus
756 865 796 901 in
825 875 898 902 suo
935 875 1089 911 genere
1130 866 1477 902 conservandae“.
1527 865 1638 902 Haec
1664 865 1754 902 Au-

82 926 322 972 gustinus.
373 925 495 972 Igitur
522 935 612 962 cum
638 925 843 970 appetitus
871 925 948 961 iste
977 926 1155 961 excedat
1176 926 1339 961 modum
1361 926 1541 967 naturae,
1570 924 1754 970 impossi-

84 985 163 1022 bile
191 986 255 1022 est
280 985 388 1030 quod
415 985 640 1021 secundum
666 985 852 1020 naturam
877 984 1040 1020 feratur.

224 1034 414 1081 Secunda
438 1045 576 1080 autem
602 1043 750 1089 positio
772 1043 970 1080 refutatur
991 1043 1183 1088 quoniam
1206 1043 1318 1088 ponit
1338 1043 1614 1089 impossibilia,
1642 1043 1756 1088 ponit

34 1111 65 1137 15
85 1103 299 1146 contraria,
325 1103 440 1149 ponit
465 1103 767 1139 irrationabilia.

223 1162 495 1208 Impossibilia
526 1162 709 1208 quidem:
748 1162 859 1198 Deus
899 1162 1075 1207 simplex
1114 1163 1187 1204 est,
1227 1171 1325 1208 ergo
1364 1172 1447 1198 non
1484 1163 1622 1207 potest
1660 1171 1754 1198 esse

85 1223 254 1260 alicuius
280 1222 341 1258 rei
365 1222 581 1259 faciendae
608 1222 789 1258 materia.
814 1243 860 1247 —
886 1222 984 1258 Item
1012 1231 1133 1259 omne
1160 1222 1267 1258 aliud
1294 1231 1318 1257 a
1343 1221 1430 1258 Deo
1453 1223 1516 1258 est
1534 1221 1691 1257 finitum
1718 1222 1757 1257 et

86 1283 279 1319 creatum.
328 1281 433 1327 Ergo
460 1281 557 1317 nihil
584 1282 721 1326 potest
756 1290 910 1317 creare.
936 1302 981 1306 —-
1008 1281 1213 1326 Amplius:
1253 1282 1404 1326 quanto
1440 1281 1590 1326 aliquid
1628 1281 1756 1327 magis

86 1341 306 1378 involvitur
331 1342 514 1386 peccato,
541 1341 654 1377 tanto
683 1341 746 1376 est
771 1340 1034 1385 impotentior
1061 1343 1101 1377 et
1122 1341 1252 1376 minus
1275 1341 1352 1376 sibi
1370 1340 1609 1377 dominatur.
1653 1340 1757 1386 Ergo

34 1407 68 1433 20
88 1400 123 1436 si
150 1401 264 1437 esset
289 1400 439 1445 aliquid
467 1409 623 1436 summe
651 1400 811 1441 malum,
841 1400 935 1436 illud
964 1402 1078 1436 esset
1104 1400 1281 1436 omnium
1309 1400 1692 1445 impotentissimum
1720 1402 1759 1436 et

88 1459 219 1496 minus
246 1468 319 1504 per
345 1469 608 1504 consequens
636 1459 846 1495 sufficiens
873 1460 924 1495 ad
951 1460 1184 1495 creandum.

228 1518 328 1555 Item
347 1519 462 1564 ponit
482 1518 739 1560 contrarium,
767 1518 861 1563 quia
882 1518 916 1554 si
941 1528 1023 1554 non
1044 1520 1181 1563 potest
1201 1519 1337 1555 anima
1357 1519 1463 1555 mala
1484 1520 1590 1555 bene
1610 1519 1759 1560 facere,

90 1587 187 1624 ergo
213 1577 403 1614 faciendo
431 1578 580 1614 malum
605 1577 702 1613 facit
728 1578 835 1622 quod
863 1577 1000 1614 tacere
1035 1578 1169 1613 debet.
1219 1578 1357 1614 Nullus
1396 1579 1532 1615 autem
1569 1578 1758 1615 faciendo

89 1638 196 1683 quod
236 1638 360 1674 debet
384 1637 481 1673 facit
507 1637 624 1673 male.
674 1635 721 1672 Et
754 1636 811 1673 ita
847 1636 1038 1673 faciendo
1078 1637 1183 1673 male
1220 1647 1301 1673 non
1339 1636 1435 1674 facit
1475 1638 1591 1674 male.
1642 1638 1759 1674 Unde

37 1704 71 1729 25
90 1697 225 1743 Augu
239 1696 419 1737 stinus‚
440 1696 498 1732 De
515 1697 689 1732 Duabus
708 1697 993 1732 A'nimabusffl:
1023 1696 1190 1737 „Dicere
1212 1696 1368 1733 animas
1389 1706 1563 1742 peccare
1583 1697 1672 1733 sine
1693 1707 1761 1733 vo-

90 1756 244 1792 luntate
273 1765 461 1801 magnum
490 1755 800 1791 deliramentum
828 1758 892 1791 est
918 1757 958 1791 et
985 1756 1141 1801 peccati
1180 1765 1294 1792 reum
1333 1758 1477 1792 tenere
1516 1760 1760 1802 quemquam

91 1814 186 1860 quia
224 1824 305 1851 non
342 1814 439 1851 fecit
477 1815 584 1860 quod
622 1815 760 1851 facere
788 1825 871 1851 non
897 1815 1036 1860 potuit,
1076 1825 1259 1851 summae
1295 1815 1516 1860 iniquitatis
1550 1817 1613 1863 est
1641 1818 1680 1852 et
1707 1816 1761 1851 in—

93 1874 247 1910 saniae.
299 1874 573 1915 Quamobrem
599 1874 692 1910 illae
719 1875 881 1910 animae
909 1874 1102 1919 quidquid
1129 1874 1282 1911 faciunt
1307 1874 1367 1916 <si
1394 1866 1559 1916 naturas
1587 1885 1668 1911 non
1695 1885 1763 1911 vo-

92 1933 247 1970 luntate
273 1933 449 1976 faciunt>
475 1933 513 1969 id
546 1934 609 1969 est
634 1933 715 1976 <si>
741 1934 869 1970 libero
910 1935 950 1969 et
985 1934 1034 1969 ad
1069 1933 1299 1970 laciendum
1334 1935 1374 1969 et
1406 1935 1456 1970 ad
1484 1944 1565 1970 non
1585 1934 1765 1977 {lfacien-

42 1999 76 2025 30
95 1994 190 2029 dum
217 1995 327 2029 motu
354 1993 478 2029 animi
504 1995 656 2034 carent,
689 1993 723 2028 si
750 1993 927 2038 denique
965 1993 1025 2029 his
1064 1993 1299 2029 abstinendi
1338 1994 1389 2029 ab
1428 2003 1554 2038 opere
1595 2003 1668 2030 suo
1696 2004 1764 2039 po-

97 2053 227 2088 testas
254 2052 364 2088 nulla
390 2052 638 2094 conceditur,
664 2054 878 2097 peccatum
906 2061 1045 2088 earum
1073 2054 1216 2088 tenere
1244 2063 1327 2089 non
1352 2055 1605 2098 possumus.“

236 2111 334 2147 Item
362 2111 654 2148 irrationabilia
680 2112 805 2147 multa
831 2112 954 2156 ponit,
994 2111 1186 2156 quoniam
1225 2122 1315 2148 cum
1347 2112 1512 2157 propria
1541 2111 1673 2148 forma
1698 2113 1765 2148 de-

96 2171 241 2207 beatur
265 2171 456 2216 propriae
495 2171 691 2207 materiae
705 2174 730 2213 5,
769 2170 1021 2216 impossibile
1061 2172 1124 2206 est
1161 2170 1312 2207 formas
1353 2171 1577 2207 contrarias
1611 2171 1676 2207 vel
1714 2172 1764 2207 ad

98 2229 344 2266 contrarium
370 2230 587 2266 moventes
615 2239 710 2266 esse
737 2229 777 2266 in
804 2240 885 2266 uno
912 2230 1076 2266 homine
1087 2232 1113 2266 ⁶.

44 2295 79 2320 35
238 2288 360 2334 Igitur
385 2289 492 2325 inter
517 2288 618 2325 istos
646 2298 807 2325 errores
829 2289 1006 2325 medium
1027 2290 1185 2332 <tenet>
1204 2289 1347 2335 religio
1370 2289 1590 2326 christiana
1607 2299 1765 2334 ponens

99 2347 218 2383 istam
243 2348 512 2384 rebellionem
539 2357 616 2384 nec
642 2357 738 2384 esse
765 2349 916 2384 bonum
950 2349 1119 2384 naturae
1157 2358 1246 2384 cum
1284 2348 1519 2390 Juliano⁷‚
1559 2358 1636 2384 nec
1672 2358 1766 2384 esse

99 2407 248 2443 malum
274 2407 445 2443 naturae
472 2404 680 2443 institutae
718 2417 807 2443 cum
843 2407 1152 2446 Manichaeo,
1193 2409 1264 2444 sed
1302 2408 1450 2444 malum
1486 2408 1655 2444 naturae
1683 2417 1768 2443 cor-

99 2466 243 2510 ruptae
272 2475 325 2501 ex
352 2465 538 2511 originali
563 2467 746 2511 peccato.

241 2548 260 2579 5
286 2556 359 2580 una
383 2546 491 2586 bona]
528 2546 564 2584 —l-
593 2556 665 2580 una
688 2548 786 2580 bona
888 2549 928 2580 11
956 2547 1095 2586 modus}
1122 2546 1186 2580 no‘3
1286 2548 1324 2580 31
1355 2548 1544 2588 peccatum
1571 2556 1694 2580 earum
1719 2548 1769 2579 te-

101 2599 201 2639 nere]
238 2602 390 2641 peccato
417 2608 541 2633 eorum
565 2601 680 2633 teneri
776 2601 818 2633 34
856 2600 1011 2640 homine]
1054 2600 1089 2639 -l—
1132 2602 1272 2634 lacuna
1311 2601 1475 2633 duarum
1514 2601 1701 2633 linearum
1738 2602 1772 2633 et

102 2653 247 2686 mediae
342 2653 384 2686 38
411 2652 575 2694 peccato]
604 2652 641 2691 -l-
672 2654 812 2686 lacuna
839 2655 952 2686 trium
979 2654 1168 2687 linearum
1193 2656 1226 2687 et
1250 2654 1395 2687 mediae

243 2735 255 2758 ¹
276 2737 347 2770 Cir.
363 2737 428 2769 Ma
439 2737 557 2769 crob.
568 2762 575 2775 ‚
589 2737 635 2769 In
649 2736 775 2770 Somn.
791 2735 926 2778 δᾶμο-
938 2738 979 2769 14
989 2737 1025 2770 et
1036 2738 1074 2770 21
1090 2745 1097 2777 ;
1112 2738 1194 2770 vide
1205 2738 1377 2777 BonaV.‚
1388 2737 1453 2778 Op.
1467 2737 1729 2776 omn.II,449n.
1740 2737 1770 2769 4.

243 2789 259 2812 2
283 2790 374 2823 Vide
398 2790 494 2823 infra
517 2791 624 2823 notas
651 2791 670 2822 4
691 2791 726 2822 et
746 2791 777 2823 7.
918 2789 933 2811 3
957 2791 1010 2830 ΙΙΙ,
1027 2791 1068 2823 17
1095 2789 1165 2830 (PL
1191 2791 1245 2830 32,
1262 2792 1362 2829 1295,
1388 2791 1517 2823 deinde
1540 2790 1626 2822 1294
1647 2799 1680 2822 n.
1702 2788 1770 2828 48).

244 2843 259 2864 ⁴
284 2842 375 2876 XVII
401 2841 471 2883 (PL
498 2843 551 2882 42,
580 2843 644 2876 107
669 2853 703 2876 n.
732 2842 805 2884 17);
832 2843 895 2876 cfr.
922 2844 1079 2877 Retraet.
1106 2845 1129 2883 I,
1158 2845 1199 2876 15
1225 2853 1258 2876 11.
1286 2844 1316 2876 6.

243 2895 258 2918 ⁵
284 2896 353 2929 Otr.
379 2896 522 2935 Arist„
548 2896 655 2936 Phys.
682 2896 769 2935 VIII,
796 2897 815 2928 5
842 2895 892 2936 (6)
918 2895 1020 2935 (text.
1049 2896 1123 2936 46);
1149 2896 1313 2937 Metaph.
1333 2897 1402 2936 VII,
1425 2897 1443 2928 4
1472 2895 1572 2935 (VIII,
1593 2896 1680 2928 text.
1704 2892 1771 2934 11),

244 2948 259 2969 (ἱ
285 2949 354 2981 Cir.
381 2949 624 2988 Avicenna,
656 2949 708 2982 VI.
735 2950 818 2982 Nat.
845 2950 899 2989 IV,
927 2951 957 2982 5.

246 3000 260 3023 7
286 3002 356 3034 Cir.
382 3001 485 3043 Aug.
515 3002 655 3035 Contra
670 3002 881 3035 Secundam
894 3003 1044 3035 Juliam·
1057 3003 1351 3043 Responsionem
1379 3002 1636 3043 Imperfectum
1660 3000 1772 3042 Opus.

109 3053 180 3094 (PL
206 3055 260 3094 45,
288 3055 375 3087 1049
397 3053 516 3095 seqq.)
543 3056 578 3087 et
603 3055 760 3088 Retraot.
788 3056 811 3095 Ι,
839 3054 893 3089 15.

180 3114 202 3142 Β
212 3122 230 3142 e
239 3115 246 3142 i
255 3116 265 3142 t
274 3122 295 3142 r.
316 3115 386 3147 xlx,
402 3115 455 3148 5s6.
476 3114 501 3142 H
510 3115 517 3142 i
527 3122 544 3142 e
552 3122 592 3143 ro
601 3123 619 3142 n
627 3123 647 3149 y
655 3123 691 3143 m.
712 3115 732 3143 S
740 3123 759 3150 p
767 3123 784 3143 e
792 3117 803 3143 t
811 3117 821 3143 t
829 3123 856 3143 m
866 3123 884 3143 a
892 3123 909 3143 11
919 3123 949 3147 11,
970 3116 1119 3144 .lohannis
1134 3115 1273 3143 Pechami
1289 3115 1497 3147 Quaestiones.
1638 3113 1657 3146 3

1787 1940 1847 1973 fol.
1869 1939 1937 1971 381⁹
1949 1947 1972 1970 α
