2095 3459
718 204 890 241 Quaestio
918 204 993 235 XVI
1020 205 1056 236 et
1082 203 1183 236 XVII.
1724 200 1789 234 143

111 301 231 338 simul
257 302 391 346 potest
417 301 555 337 omnia
582 301 661 337 alia
687 301 913 337 intendere.
965 300 1076 337 Sicut
1101 301 1221 346 igitur
1248 300 1312 336 hic
1338 299 1558 336 intendens
1592 299 1631 335 in
1664 298 1787 335 finem

111 363 242 403 <non>
281 361 516 396 distrahitur
554 361 604 396 ab
644 360 717 402 his,
757 370 862 405 quae
903 362 996 396 sunt
1030 361 1082 397 ad
1108 360 1231 396 finem
1260 360 1318 404 (ut
1344 358 1564 395 intendens
1592 358 1787 404 navigare

116 429 196 456 non
224 420 457 456 distrahitur
484 429 509 456 a
534 420 812 466 gubernaculo
841 419 1080 466 dirigendo),
1107 420 1164 455 ita
1189 419 1242 454 ibi
1269 419 1344 454 erit
1370 418 1503 455 altiori
1529 418 1659 454 modo.

248 481 280 515 5.
308 479 370 515 Ad
397 479 579 525 quintum
608 479 827 516 dicendum
855 479 963 524 quod
990 480 1120 515 status
1148 478 1225 519 ille,
1265 478 1458 523 quantum
1486 478 1537 514 ad
1565 477 1787 514 essentiam

76 546 92 571 5
111 538 278 584 gloriae,
307 548 472 584 semper
499 539 575 575 erit
601 538 822 580 uniformis,
849 538 921 574 sed
948 539 1143 583 quantum
1170 538 1221 574 ad
1243 537 1515 574 accidentalia
1535 537 1672 582 potest
1694 546 1789 572 esse

111 598 283 634 variatio
311 600 479 643 propter
507 608 656 634 causas
684 599 817 634 tactas
844 597 883 633 in
912 606 1084 642 corpore
1112 596 1368 642 quaestionis
1383 599 1404 632 1.

315 693 570 738 Responsio
598 693 682 736 <ad
709 692 1028 738 quaestionem
1056 693 1285 728 decimam
1313 691 1591 737 septimam>
1810 694 1852 731 C.
1875 694 1999 731 XVII.

249 770 311 806 Ad
339 771 564 807 secundam
591 770 878 816 quaestionem
912 769 1140 810 dicendum,
1181 768 1289 814 quod
1320 768 1485 805 fuerunt
1521 768 1708 814 quidam2
1734 769 1789 804 di-

110 830 252 865 centes
274 839 450 875 corpora
469 829 537 865 illa
556 838 682 874 posse
698 829 831 865 subito
848 828 1005 865 moveri
1023 829 1192 874 propter
1207 828 1412 873 quandam
1433 828 1787 873 participationem

58 894 89 921 10
110 888 317 934 dignitatis
345 888 665 925 substantiarum
693 888 972 934 spiritualium,
1011 888 1215 933 ponentes
1242 897 1292 923 ea
1317 887 1359 923 in
1385 887 1549 923 modum
1576 887 1789 932 spirituum

107 957 234 993 posse
262 948 437 984 transire
465 948 516 984 ab
544 949 729 984 extremo
756 948 808 984 ad
836 948 1065 983 extremum
1091 956 1174 983 non
1200 946 1453 983 transeundo
1488 955 1562 992 per
1596 947 1786 983 medium-

107 1007 194 1044 Hoc
222 1007 331 1044 enim
357 1007 506 1053 angelo
535 1007 728 1044 dicebant
753 1016 879 1053 posse
907 1006 1142 1049 convenire,
1182 1006 1277 1052 quia
1311 1006 1523 1051 ponebant
1556 1015 1638 1042 non
1664 1002 1789 1052 appli'

108 1067 193 1103 cari
219 1067 271 1103 ad
297 1067 431 1103 locum
457 1067 537 1103 nisi
562 1076 637 1112 per
664 1066 979 1112 operationem-¹³.
1029 1065 1077 1102 Et
1109 1066 1204 1111 quia
1238 1066 1376 1111 potest
1412 1065 1575 1111 operari
1610 1065 1787 1102 mediate

109 1127 149 1162 et
173 1126 421 1168 immediate,
447 1127 586 1172 potest
611 1126 769 1162 moveri
795 1126 846 1162 ab
873 1126 951 1162 hoc
976 1126 1068 1161 loco
1095 1125 1135 1161 in
1161 1125 1284 1162 alium
1309 1134 1383 1170 per
1410 1135 1494 1161 non
1520 1124 1710 1161 medium.

58 1189 89 1214 1⁵
249 1184 331 1222 Sed
366 1185 474 1222 istud
512 1186 576 1222 est
610 1185 757 1222 falsum
794 1187 834 1221 et
861 1186 1005 1222 contra
1031 1184 1275 1226 Strabum,
1301 1186 1345 1221 ut
1372 1184 1522 1221 dictum
1549 1185 1646 1221 est4.
1696 1184 1788 1221 Pro·

108 1245 244 1281 batur:
271 1244 385 1281 Prius
413 1246 476 1281 est
503 1254 599 1281 esse
626 1254 746 1290 quam
775 1245 948 1290 operari.
998 1244 1103 1290 Ergo
1131 1244 1243 1290 prius
1273 1245 1336 1280 est
1362 1253 1457 1280 esse
1483 1243 1523 1280 in
1549 1244 1640 1280 loco
1668 1253 1788 1289 quam

109 1304 273 1349 operari
298 1304 339 1340 in
364 1304 467 1341 loco.

247 1363 326 1399 Alii
353 1363 517 1400 dicunt5
543 1364 651 1409 quod
679 1364 729 1400 de
756 1364 905 1400 virtute
931 1363 1086 1409 gloriae
1114 1363 1248 1399 subito
1288 1363 1328 1399 et
1362 1362 1402 1399 in
1439 1363 1608 1399 instanti
1642 1363 1789 1399 transit

108 1432 182 1468 per
207 1422 397 1465 medium,
425 1423 521 1468 quia
545 1433 629 1459 non
655 1423 808 1469 patitur
832 1423 1111 1459 resistentiam
1139 1432 1163 1459 a
1189 1422 1337 1459 medio.

57 1483 91 1509 2⁰
250 1481 332 1518 Sed
358 1482 455 1519 illud
483 1483 546 1519 est
570 1482 727 1524 falsum,
755 1482 850 1528 quia
875 1492 958 1518 non
985 1482 1117 1518 omnis
1145 1483 1279 1518 motus
1307 1483 1370 1518 est
1395 1482 1562 1527 propter
1594 1481 1788 1518 resisten-

108 1541 217 1583 tiam,
257 1541 332 1578 sed
367 1542 536 1587 propter
571 1542 726 1578 certam
761 1541 1068 1587 proportionem
1103 1541 1274 1578 motoris
1311 1542 1351 1577 et
1376 1541 1536 1577 mobilis
1564 1541 1628 1577 vel
1656 1541 1787 1586 spatii.

110 1599 235 1637 Verbi
261 1600 412 1646 gratia:
452 1601 633 1647 Angelus
660 1600 702 1637 in
727 1601 819 1637 loco
846 1610 929 1637 non
964 1600 1151 1646 positive,
1178 1602 1192 1643 Η
1220 1600 1294 1637 sed
1322 1600 1544 1643 definitive,
1571 1600 1790 1637 communi·
1811 1601 1872 1634 rol.
1893 1601 1997 1634 32rb

110 1660 243 1696 cando
270 1660 550 1705 praesentiam
577 1670 693 1696 suam
718 1660 822 1696 loco.
871 1659 918 1695 Et
945 1660 1041 1705 quia
1067 1659 1227 1696 virtutis
1247 1659 1389 1696 finitae
1412 1660 1452 1695 et
1470 1659 1678 1702 limitatae,
1705 1669 1788 1696 non

109 1719 247 1764 potest
274 1719 420 1756 eadem
445 1719 640 1755 facilitate
667 1719 970 1756 communicare
996 1719 1275 1764 praesentiam
1301 1729 1415 1755 suam
1443 1719 1565 1764 duplo
1587 1719 1718 1764 spatio
1747 1721 1788 1756 et

57 1783 91 1809 25
110 1778 322 1823 subduplo.

246 1837 346 1874 Item
373 1847 426 1874 ex
452 1839 624 1883 utraque
651 1838 854 1883 positione
882 1838 1065 1882 sequitur
1101 1847 1226 1873 unum
1266 1847 1361 1874 esse
1398 1837 1439 1873 in
1478 1837 1650 1874 diversis
1684 1837 1786 1874 locis

110 1896 240 1933 simul.
291 1896 408 1937 Quod
436 1898 500 1933 est
525 1897 789 1942 impossibile.

249 1955 297 1991 Et
321 1955 415 1992 ideo
443 1956 494 1992 de
521 1956 769 1993 necessitate
795 1957 983 1993 movetur
1009 1956 1049 1992 in
1075 1958 1272 2001 tempore.
1315 1955 1363 1991 Et
1382 1956 1460 1992 hoc
1485 1956 1652 2001 propter
1674 1956 1786 2001 quat-

109 2015 201 2051 tuor
237 2015 440 2051 rationes:
486 2015 618 2051 Primo
656 2016 825 2061 propter
864 2016 1017 2051 certam
1054 2015 1364 2061 proportionem
1402 2014 1571 2051 motoris
1608 2015 1659 2051 ad
1698 2024 1785 2051 rem

59 2083 92 2108 30
111 2074 264 2110 motam
291 2075 331 2110 et
356 2074 417 2110 rei
442 2075 578 2110 motae
605 2074 656 2110 ad
683 2074 871 2119 spatium,
910 2074 1097 2120 quamvis
1134 2074 1244 2110 nulla
1275 2073 1513 2110 resistentia
1543 2074 1784 2110 retardetur.

111 2132 210 2169 Item
247 2134 416 2179 propter
454 2133 716 2169 existentiam
750 2133 921 2169 rationis
960 2133 1171 2175 movendi,
1221 2132 1412 2178 quoniam
1456 2133 1592 2169 anima
1629 2132 1785 2178 appetit

111 2201 279 2228 movere
306 2201 454 2237 corpus
482 2202 598 2228 suum
625 2193 665 2228 et
691 2192 841 2237 aliquid
870 2191 1050 2237 experiri
1075 2192 1117 2228 in
1156 2201 1329 2236 corpore
1367 2191 1419 2227 ad
1458 2191 1783 2228 destinationem.

110 2249 158 2286 Et
182 2250 276 2287 huic
303 2251 496 2296 competit
521 2251 649 2297 magis
675 2251 849 2296 spatium
885 2250 1069 2287 dividere
1106 2260 1227 2296 quam
1262 2250 1433 2286 instans.
1484 2250 1581 2286 Item
1616 2251 1785 2296 propter

111 2309 189 2345 hoc
216 2310 324 2355 quod
351 2310 459 2346 aliud
485 2319 639 2355 ponere
668 2311 730 2346 est
754 2319 911 2355 ponere
938 2310 1079 2355 partes
1107 2309 1292 2354 corporis
1319 2308 1512 2345 confusas
1539 2311 1579 2345 et
1598 2319 1673 2355 per
1690 2319 1783 2346 con-

59 2376 93 2402 35
113 2377 292 2413 sequens
314 2378 461 2413 corpus
482 2368 613 2413 ipsum
634 2368 870 2404 destituere.
906 2368 1005 2403 Item
1026 2368 1121 2413 quia
1139 2367 1257 2404 aliter
1276 2368 1389 2403 esset
1409 2367 1449 2403 in
1468 2368 1649 2413 pluribus
1670 2368 1781 2404 locis.

253 2426 370 2467 Quod
396 2427 431 2463 si
456 2436 643 2472 quaeras,
671 2437 723 2463 an
750 2429 916 2463 moveat
942 2436 1090 2472 corpus
1118 2435 1236 2462 suum
1261 2426 1507 2471 intempore
1527 2427 1783 2472 perceptibili

112 2486 205 2528 <aut
224 2485 537 2531 imperceptibili
552 2506 593 2510 --
614 2486 695 2522 tam
716 2486 756 2521 in
777 2485 1057 2530 perceptibili>
1072 2494 1192 2530 quam
1212 2484 1536 2530 imperceptibili,
1557 2486 1782 2521 secundum

113 2544 365 2580 voluntatem
392 2554 518 2580 suam.

253 2673 271 2704 3
298 2671 359 2711 ibi]
387 2672 479 2705 enim
576 2672 618 2705 35
646 2671 756 2710 esset]
786 2671 823 2710 -i-
852 2671 937 2704 item
965 2671 1049 2711 quia
1075 2671 1179 2703 aliter
1205 2671 1303 2702 esset

253 2794 265 2817 1
292 2795 409 2837 Supra
433 2805 466 2836 p.
495 2796 560 2828 140
579 2804 608 2829 s.

254 2847 268 2870 2
291 2849 480 2881 Videatur:
507 2848 714 2881 Scholion
739 2849 775 2880 in
800 2848 971 2886 Bonav„
1001 2847 1066 2888 Op.
1093 2855 1191 2879 omn.
1218 2846 1273 2885 IV,
1303 2846 1401 2884 1029,
1427 2855 1460 2879 n.
1488 2847 1525 2880 II.

254 2901 269 2923 3
293 2902 465 2934 Videatur
490 2902 659 2940 Bonav„
689 2901 754 2942 Op.
782 2909 879 2933 omn.
907 2900 930 2939 I,
958 2900 1023 2932 659
1044 2908 1091 2932 ss.

254 2953 269 2975 4
294 2954 410 2995 Supra
434 2963 467 2994 p.
497 2954 572 2991 141,
598 2955 668 2986 not.
697 2954 727 2986 2.

0 3025 1 3051 i
254 3006 269 3028 5
294 3007 465 3039 Videatur
491 3006 697 3038 Scholion
723 3007 904 3039 laudatum
931 3007 966 3037 et
992 3005 1048 3037 iiic
1073 3006 1159 3037 nota
1184 3004 1214 3036 3.
1243 3004 1361 3043 quoad
1386 3005 1547 3038 rationes
1573 3007 1711 3039 allatas.
