2095 3459
126 1222 188 1254 fol.
211 1223 252 1254 21
264 1226 277 1243 v
290 1230 313 1253 α

332 204 399 240 210
836 205 1012 238 ‹Iohannis
1038 204 1205 238 Pechami
1230 204 1480 242 Quaestiones.

470 304 501 338 2.
527 302 588 338 Ad
609 303 830 338 secundum
851 299 1066 338 dicendum
1086 303 1205 346 quod,
1231 303 1273 337 ut
1292 302 1372 337 iam
1397 302 1518 346 patet,
1545 300 1761 345 [quoniam]
1785 299 1991 335 intellectu

331 362 414 397 fixo
445 371 527 397 non
561 362 697 406 potest
727 361 842 405 plura
875 361 1121 406 intelligere;
1162 361 1236 396 sed
1272 360 1480 396 intellectu
1517 359 1600 395 fixo
1637 359 1678 394 in
1715 368 1795 394 uno
1831 359 1991 403 oportet

332 421 453 456 etiam
487 420 595 456 aliud
630 419 746 455 simul
781 419 1019 464 intelligere,
1059 420 1167 463 quod
1204 420 1266 454 est
1301 419 1378 454 sibi
1411 418 1514 454 ratio
1541 417 1804 462 intelligendi,
1843 417 1884 452 in
1910 426 1989 461 quo

331 479 479 523 aliquid
506 479 801 523 praesentatur.
852 477 927 513 Vel
954 478 1169 513 dicendum
1195 477 1313 522 quod,
1350 487 1440 513 cum
1476 476 1627 522 cogitat
1660 475 1768 511 aliud
1794 475 1989 511 differens

331 548 355 573 a
381 547 438 578 se,
466 537 616 582 cogitat
642 546 687 572 se
714 537 845 581 ipsam
871 536 1200 572 habitudinaliter
1225 537 1390 571 tantum.
2010 535 2026 560 5

881 725 1188 786 Quaestio
1227 725 1447 777 XXXV.

333 849 568 895 Quaeritur
608 848 661 887 de
701 847 898 887 secunda
936 847 1237 897 assignatione
1278 847 1504 897 imaginis:
1548 846 1596 886 In
1634 847 1792 894 mente,
1837 846 1993 886 notitia

331 921 372 959 et
405 929 569 959 amore.
631 918 682 957 Et
716 917 943 967 quaeritur
974 918 1116 967 primo
1150 917 1254 967 quid
1285 928 1365 967 per
1396 918 1481 956 hoc
1513 917 1804 967 intelligatur:
1844 918 1992 956 utrum

867 988 1091 1038 potentiae
1124 989 1196 1028 vel
1228 989 1405 1028 habitus
1421 983 1445 1027 ¹.

811 1076 865 1113 Et
890 1077 1143 1113 ostenditur
1168 1077 1290 1121 quod
1316 1077 1510 1113 habitus.
2013 1080 2045 1106 10

473 1157 501 1190 1.
530 1153 631 1194 Quia
657 1154 758 1189 alias
787 1155 899 1189 esset
924 1153 1075 1189 inutilis
1102 1153 1332 1198 duplicatio,
1360 1163 1450 1189 cum
1476 1153 1555 1189 alia
1582 1153 1633 1188 sit
1657 1153 1698 1188 in
1723 1153 1928 1198 potentiis.

473 1214 502 1248 2.
542 1213 640 1249 Item
676 1213 710 1248 si
736 1222 852 1248 mens
881 1213 1034 1253 staretll
1050 1222 1123 1257 pro
1150 1213 1344 1257 potentia,
1371 1213 1440 1253 aut
1464 1221 1538 1257 pro
1565 1221 1646 1247 una
1670 1212 1739 1247 aut
1764 1214 1884 1256 <pro>
1910 1212 1993 1256 plu-

331 1273 454 1309 ribus.
506 1272 546 1308 Si
578 1281 651 1317 pro
688 1281 769 1307 una
805 1293 850 1295 —
888 1272 1050 1307 contra:
1088 1271 1203 1307 Nulla
1237 1271 1421 1316 potentia
1454 1271 1579 1306 habet
1609 1271 1711 1306 istos
1739 1271 1840 1306 duos
1867 1272 1992 1311 actus,

332 1332 487 1368 scilicet
512 1330 737 1376 intelligere
765 1331 805 1365 et
829 1340 979 1366 amare.
1031 1329 1070 1366 Si
1099 1331 1179 1365 stat
1204 1330 1383 1375 pluribus
1410 1329 1613 1374 potentiis,
1639 1329 1718 1365 iam
1741 1330 1815 1365 erit
1835 1330 1993 1374 quater-

331 1391 448 1431 nitas,
475 1400 558 1426 non
584 1389 741 1425 trinitas
768 1389 1052 1434 potentiarum.
2012 1391 2045 1416 15

1075 1465 1253 1501 Contra.

470 1537 531 1573 Ad
568 1537 700 1573 minus
738 1546 855 1572 mens
893 1545 975 1571 non
1012 1536 1092 1571 stat
1117 1545 1189 1580 pro
1228 1535 1379 1577 habitu,
1418 1535 1512 1580 quia
1537 1545 1562 1571 a
1587 1535 1697 1571 nullo
1735 1535 1874 1571 habitu
1911 1544 1992 1571 uno

330 1597 555 1642 procedunt
580 1596 620 1631 hi
646 1596 724 1632 duo
751 1596 877 1635 actus,
905 1594 1060 1630 scilicet
1086 1603 1340 1640 cognoscere
1367 1595 1408 1630 et
1432 1603 1570 1630 amare
1597 1594 1663 1629 vel
1689 1594 1857 1639 diligere
1868 1597 1893 1630 2.

867 1773 1175 1833 Quaestio
1214 1772 1456 1824 XXXVI.

350 1884 436 1924 Sed
467 1884 610 1933 posito
644 1884 762 1932 quod
793 1883 949 1922 notitia
981 1884 1023 1922 et
1056 1893 1181 1922 amor
1212 1883 1328 1922 stent
1359 1893 1440 1932 pro
1473 1882 1707 1930 habitibus,
1743 1883 1969 1931 quaeritur
2012 1895 2045 1921 20

902 1965 959 1993 an
991 1954 1035 1993 in
1069 1954 1136 1993 his
1168 1954 1223 1993 sit
1254 1953 1414 2003 imago.

894 2042 1153 2079 ostenditur
1178 2043 1301 2087 quod
1327 2052 1430 2078 non.

470 2128 499 2162 1.
527 2126 629 2167 Quia
654 2126 758 2162 inter
783 2125 943 2162 habitus
970 2135 1052 2161 non
1080 2126 1143 2161 est
1169 2126 1268 2162 ordo
1290 2126 1468 2171 originis,
1496 2135 1584 2161 cum
1607 2135 1710 2161 unus
1732 2126 1782 2161 ab
1803 2126 1881 2161 alio
1909 2136 1992 2161 non

331 2186 491 2222 01131111,

468 2245 498 2279 2.
524 2244 623 2279 Item
650 2252 764 2279 amor
796 2243 1005 2288 praecedit
1031 2243 1315 2288 cognitionem,
1348 2244 1391 2279 ut
1416 2244 1610 2288 probabo.
1658 2243 1763 2289 Ergo
1789 2253 1873 2279 non
1899 2253 1993 2279 con·
2011 2257 2045 2282 25

329 2303 439 2338 venit
472 2302 766 2347 exprimendae
792 2302 986 2343 Τ111111311,
1027 2302 1096 2338 ubi
1122 2303 1371 2348 originaliter
1402 2303 1580 2348 cognitio
1607 2303 1672 2338 vel
1700 2302 1900 2347 sapientia
1924 2311 1992 2347 ge-

329 2362 412 2397 nita
450 2361 559 2406 prior
591 2362 653 2397 est
689 2371 841 2397 amore.
890 2361 1023 2398 Prima
1054 2362 1248 2406 probatur
1283 2362 1362 2397 sic:
1400 2362 1459 2397 De
1489 2362 1596 2397 Trin.
1624 2361 1685 2403 IX,
1713 2371 1799 2406 cap.
1825 2361 1992 2397 ultimo3

330 2420 471 2456 dicitur
497 2420 605 2464 quod
629 2421 787 2464 partum
814 2420 960 2456 mentis
988 2420 1198 2465 praecedit
1217 2420 1430 2465 appetitus.
1470 2419 1551 2456 Sed
1571 2420 1774 2465 appetitus
1794 2421 1857 2456 est
1876 2421 1991 2456 actus

329 2479 489 2515 amoris.
533 2478 636 2524 Ergo
665 2480 739 2516 010.

466 2539 496 2573 3.
534 2537 631 2573 Item
667 2546 744 2573 nec
770 2537 930 2574 videtur
967 2546 1069 2573 esse*
1089 2538 1501 2577 consubstantialitas,
1529 2548 1619 2573 cum
1646 2538 1683 2573 hi
1711 2538 1870 2574 habitus
1898 2539 1991 2573 sunt
2010 2551 2044 2575 30

328 2596 368 2632 in
396 2596 568 2632 diversis
595 2596 788 2641 potentiis
800 2599 825 2632 4.

469 2694 508 2726 11
538 2693 743 2734 duplicatio]
769 2694 993 2726 conculcatio

468 2787 478 2809 1
506 2788 575 2820 Cir.
602 2789 771 2826 Bonav„
802 2788 866 2828 Op.
895 2797 992 2820 omn.
1020 2788 1043 2827 I,
1072 2788 1113 2820 88
1134 2797 1181 2820 ss.
1203 2788 1387 2826 (Scholion
1408 2788 1482 2827 90);
1509 2789 1710 2824 Thomas,
1737 2788 1833 2821 Sent.
1860 2789 1883 2826 I,
1906 2789 1935 2820 d.
1958 2788 1988 2826 3,

329 2850 361 2880 q.
390 2842 424 2878 5;
464 2840 497 2872 S.
526 2840 573 2872 th.
600 2841 623 2879 1,
652 2849 683 2880 q.
712 2841 765 2879 93,
793 2849 824 2872 a.
852 2841 888 2877 63
928 2840 1105 2879 Scotus,
1133 2841 1228 2873 Sem.
1262 2841 1285 2879 Ι,
1318 2842 1349 2873 (1.
1377 2842 1407 2879 3,
1442 2851 1474 2881 q.
1502 2842 1538 2879 9;
1577 2842 1736 2882 Report„
1773 2850 1805 2881 q.
1833 2842 1869 2879 7;
1909 2841 1989 2873 Ca-

328 2893 666 2933 preolus‚1‚203
694 2900 759 2930 ss.;
787 2891 1122 2932 Monteiortin0‚
1149 2894 1201 2932 III,
1229 2894 1295 2926 836
1322 2902 1370 2925 ss.

465 2944 479 2966 2
506 2946 707 2985 Responsio
733 2955 805 2978 una
829 2954 908 2977 cum
935 2946 1111 2978 solutione
1138 2947 1357 2978 obiectorum
1384 2946 1596 2986 proponitur
1622 2956 1654 2987 p.
1683 2946 1758 2978 211.

465 2997 479 3019 3
503 2999 557 3037 IX,
586 2999 624 3030 11
654 2996 724 3037 (PL
749 2999 803 3037 42,
830 2999 895 3031 972
921 3007 954 3030 11.
983 2997 1050 3037 18).
1192 2997 1207 3019 4
1232 2999 1434 3039 Responsio
1461 2999 1623 3039 sequitur
1649 3008 1682 3039 p.
1709 2999 1784 3030 212.
