2095 3459
335 207 401 242 198
847 211 1025 244 <Iohannis
1053 213 1221 246 Pechami
1246 214 1496 251 Quaestiones.

473 306 622 342 Dicunt
658 307 798 343 tamen
836 307 1011 352 quidam,
1050 310 1159 354 quod
1196 309 1428 346 intellectus
1467 319 1595 357 agens
1622 311 1837 347 includitur
1863 312 1904 348 in
1929 322 2011 349 me-

285 362 292 366 ”
333 363 474 399 moria.
525 363 644 404 Quod
669 375 753 401 non
777 365 942 402 videtur
966 367 1220 410 rationabile,
1248 368 1343 413 quia
1367 369 1564 405 memoria
1589 369 1797 405 minimum
1816 370 1941 407 habet
1961 371 2010 407 de

124 426 186 458 rol.
214 425 315 457 19vb
334 423 470 458 actua·
487 424 501 465 ΙΙ
518 422 632 459 litate
658 423 700 459 in
725 424 873 466 anima,
900 425 1133 462 intellectus
1159 435 1288 472 agens
1313 427 1545 463 maximum.

123 1453 168 1492 C.
186 1454 309 1490 XXX.

472 481 504 516 6.
542 481 606 517 Ad
645 483 809 518 sextum
844 483 896 519 de
923 484 1135 520 voluntate
1172 484 1391 521 dicendum
1418 486 1527 530 quod
1552 485 1631 521 ista
1656 485 1889 523 differentia
1914 487 2012 523 ima-

332 539 438 585 ginis
475 540 515 576 et
550 540 822 577 similitudinis
857 551 932 587 per
965 543 1341 588 appropriationem
1375 544 1640 590 intelligenda
1672 545 1746 586 est,
1785 545 1880 590 quia
1906 546 2012 582 simi-

332 598 459 634 litudo
496 599 683 644 perfecta
719 610 804 636 non
843 601 908 637 est
940 601 1020 637 nisi
1057 611 1132 646 per
1170 611 1354 638 amorem
1389 603 1599 645 unitivum,
1640 603 1708 648 qui
1732 603 1773 639 in
1798 604 2010 641 voluntate

333 657 538 693 convenit.
576 658 695 694 Unde
722 658 943 695 similitudo
971 660 1068 696 dicit
1088 660 1184 705 quid
1203 661 1432 707 gratuitum.
1483 661 1558 698 Vel
1585 662 1729 698 dicitur
1755 663 1850 707 quia
1875 663 2010 709 imago

332 716 498 761 proprie
517 716 616 753 Filio
637 717 714 754 Dei
740 718 946 760 convenit,
973 719 1037 755 cui
1065 719 1187 756 etiam
1216 720 1419 765 sapientia
1438 721 1733 766 appropriatur.
1771 721 1868 757 Ideo
1890 721 2012 757 etiam

332 774 374 810 in
400 774 538 810 animo
564 775 700 821 imago
728 777 962 822 cognitivae
989 778 1230 814 attribuitur.

473 835 504 870 7.
532 834 595 870 Ad
621 835 803 871 ultimum
830 836 1048 872 dicendum
1075 837 1184 882 quod
1209 837 1411 879 voluntas,
1439 839 1665 874 secundum
1690 839 1798 883 quod
1826 840 1889 874 est
1915 847 2010 884 pars

332 892 531 938 imaginis,
557 893 682 929 habet
708 894 911 939 duplicem
940 897 1096 931 actum:
1124 896 1280 932 scilicet
1305 898 1520 941 acceptare
1548 898 1589 933 et
1607 906 1817 942 respuere,
1844 898 1951 934 velle
1972 898 2013 934 et

333 951 453 988 nolle.
502 951 550 987 Et
576 952 636 988 sic
663 954 727 988 est
751 954 938 998 aequalis
965 955 1141 991 ambitus
1168 958 1309 997 <cum>
1335 955 1615 1001 intelligentia.
1978 951 1982 954 “

473 1010 549 1046 Vel
586 1012 732 1051 melius
771 1012 991 1049 dicendum
1029 1023 1122 1050 cum
1156 1014 1454 1060 Augustino,
1492 1015 1551 1050 De
1588 1015 1696 1050 Prin.
1729 1015 1800 1057 111„
1827 1025 1914 1060 cap.
1940 1016 2012 1051 291

333 1069 496 1105 dicente
523 1071 632 1115 quod
658 1071 919 1113 intellectiva,
947 1072 1146 1109 memoria
1173 1073 1213 1109 et
1240 1073 1428 1109 voluntas
1455 1083 1539 1109 non
1565 1074 1659 1109 sunt
1685 1074 1894 1118 aequales,
1933 1074 2013 1110 nisi

333 1137 425 1164 cum
455 1128 607 1165 fuerint
641 1131 693 1166 ab
730 1130 841 1166 omni
865 1131 1065 1176 languore
1092 1133 1274 1168 sanatae.
1327 1131 1527 1172 Quoniam
1555 1133 1687 1174 modo,
1715 1132 1856 1178 inquit,
1882 1142 1907 1168 a
1933 1133 2012 1168 sin-

333 1187 437 1233 gulis
466 1187 563 1224 bina
589 1189 630 1224 et
655 1198 680 1225 a
705 1189 874 1235 singulis
904 1190 1073 1236 singula,
1100 1191 1323 1227 maioribus
1350 1191 1507 1227 maiora
1532 1192 1730 1233 videntur,
1758 1191 1943 1227 videmus
1969 1191 2011 1227 in

333 1246 470 1291 aliquo
505 1247 705 1283 maiorem
741 1258 837 1284 esse
864 1249 1106 1285 memoriam
1134 1259 1256 1294 quam
1281 1250 1592 1295 intelligentiam
1619 1251 1659 1286 et
1684 1250 1724 1286 in
1757 1250 1836 1286 alio
1869 1251 2013 1286 contra

333 1306 414 1341 duo
446 1306 551 1342 haec
586 1307 739 1343 amoris
774 1308 1055 1354 magnitudine
1092 1309 1288 1353 superari.
1340 1309 1382 1344 In
1408 1309 1487 1345 hoc
1514 1309 1621 1345 enim
1647 1310 1760 1354 patet
1787 1309 2012 1345 secundum

333 1364 604 1410 Augustinum
631 1365 916 1402 dissimilitudo
942 1367 1131 1413 imaginis
1157 1368 1322 1404 creatae
1349 1368 1401 1403 ad
1426 1367 1661 1404 increatam.

642 1449 900 1494 Responsio
927 1450 1012 1492 <ad
1039 1450 1359 1495 quaestionem
1384 1450 1701 1492 tricesimam>.

473 1525 535 1562 Ad
563 1526 788 1562 secundam
822 1527 1111 1572 quaestionem
1138 1527 1354 1563 dicendum
1383 1527 1491 1573 quod
1517 1529 1568 1564 ad
1594 1527 1796 1564 rationem
1822 1527 2010 1573 imaginis

333 1584 559 1629 corporalis
608 1585 834 1630 perfectam
883 1586 961 1622 tria
1004 1587 1100 1622 sunt
1142 1587 1403 1623 necessaria:
1453 1586 1626 1631 partium
1677 1586 1831 1622 scilicet
1874 1585 2012 1621 debita

333 1643 539 1679 distinctio
567 1644 608 1679 et
633 1644 855 1689 proportio,
884 1645 1040 1690 speciei
1067 1647 1107 1681 et
1134 1645 1283 1681 coloris
1310 1645 1558 1685 assimilatio.
1595 1646 1635 1681 et
1661 1645 1781 1681 tertio
1809 1644 2010 1681 ordinatio

333 1702 385 1738 ad
423 1701 634 1748 imaginati
671 1703 1000 1748 expressionem.
1064 1704 1104 1740 Si
1141 1704 1250 1740 enim
1286 1704 1420 1750 imago
1459 1704 1645 1740 Herculis
1684 1704 1801 1740 alteri
1840 1703 2011 1739 similior

333 1761 445 1797 esset
470 1770 593 1805 quam
618 1761 791 1804 Herculi,
818 1762 1004 1799 Herculis
1031 1764 1170 1799 tamen
1199 1763 1334 1809 imago
1363 1764 1478 1800 esset
1504 1763 1688 1805 dicenda,
1721 1764 1772 1799 ad
1799 1763 1913 1799 cuius
1942 1772 2010 1798 ex·
2030 1779 2045 1803 2

332 1820 593 1864 pressionem
620 1822 734 1856 esset
760 1821 960 1857 ordinata.

474 1878 678 1919 Quantum
726 1880 848 1925 igitur
897 1881 949 1916 ad
992 1881 1182 1926 primum,
1228 1881 1384 1917 scilicet
1429 1882 1481 1917 ad
1528 1881 1803 1926 potentiarum
1849 1881 2010 1917 animae

333 1937 638 1974 distinctionem
670 1939 710 1974 et
742 1940 1199 1981 commensurationem,
1238 1940 1367 1985 magis
1401 1941 1504 1976 ratio
1544 1940 1725 1976 salvatur
1758 1939 1944 1985 imaginis
1969 1939 2009 1975 in

333 1996 609 2033 conversione
645 1998 708 2033 sui
743 2007 868 2043 supra
903 2008 949 2034 se
984 2008 1106 2043 quam
1139 2008 1262 2043 supra
1287 1998 1429 2041 Deum,
1468 1999 1562 2043 quia
1587 1998 1627 2034 in
1654 1999 1935 2035 convertendo
1963 2008 2008 2034 se

334 2064 458 2100 supra
484 2064 529 2091 se
556 2056 735 2101 concipit
760 2057 933 2092 verbum
959 2054 1187 2102 menti‘per
1214 2057 1351 2093 omnia
1377 2058 1561 2102 aequale.

474 2113 555 2150 Sed
582 2115 778 2159 quantum
804 2116 856 2151 ad
883 2116 1120 2158 secundum,
1159 2116 1315 2152 scilicet
1351 2116 1506 2161 speciei
1540 2116 1703 2152 divinae
1729 2116 2008 2158 imitationem,

334 2182 417 2208 non
443 2173 567 2209 habet
592 2174 796 2210 rationem
821 2174 1021 2220 imaginis,
1056 2174 1136 2210 nisi
1162 2175 1325 2220 quando
1361 2175 1440 2220 ipsi
1465 2175 1600 2217 <Deo>
1627 2175 1841 2220 copulatur
1865 2174 2008 2210 intelli-

333 2232 470 2276 gendo
510 2232 550 2268 et
587 2233 763 2268 amando
801 2234 842 2268 et
877 2233 936 2269 sic
963 2233 1172 2269 deiformis
1201 2234 1383 2270 efficitur.
1432 2233 1551 2270 Unde
1577 2234 1912 2279 Augustinus,
1951 2233 2010 2269 De

340 2290 448 2326 Trin.
475 2290 575 2332 XIV,
603 2300 689 2336 cap.
718 2293 761 2327 12
774 2294 804 2328 2:
845 2291 967 2335 „Cum
1002 2292 1133 2328 Deum
1168 2292 1361 2333 meminit,
1397 2293 1563 2337 sapiens
1598 2293 1690 2337 ipsa
1713 2292 1769 2334 fit,
1807 2293 1840 2328 si
1872 2293 2009 2328 autem

335 2359 417 2385 non
431 2349 538 2391 facit,
560 2349 682 2385 etiam
697 2359 787 2386 cum
804 2350 866 2386 sui
886 2351 1117 2387 meminerit
1138 2360 1316 2396 seseque
1336 2351 1522 2396 intelligit
1541 2361 1590 2387 ac
1611 2351 1747 2396 diligit,
1769 2351 1891 2386 stulta
1911 2351 2006 2386 est.“

477 2407 680 2448 Quantum
715 2410 767 2445 ad
802 2409 965 2445 tertium
1000 2410 1114 2454 patet
1147 2409 1267 2451 idem,
1307 2410 1498 2454 quoniam
1530 2410 1582 2445 ad
1607 2409 1737 2446 Deum
1764 2410 2008 2454 capiendum

335 2467 613 2511 principaliter
640 2468 705 2503 est
729 2467 928 2503 ordinata.

476 2525 702 2562 Dicendum
745 2526 866 2572 igitur
909 2528 1018 2571 quod
1057 2529 1097 2562 in
1136 2527 1441 2572 comparatione
1479 2528 1530 2563 ad
1569 2528 1699 2563 Deum
1738 2528 1801 2563 est
1843 2527 2007 2572 proprie

335 2584 482 2630 imago.
534 2584 614 2620 Sed
649 2585 753 2629 quia,
790 2595 881 2621 cum
918 2595 1041 2629 supra
1077 2595 1123 2621 se
1160 2587 1432 2627 convertatur,
1468 2586 1509 2621 in
1543 2587 1739 2631 quantum
1771 2586 1905 2631 imago
1933 2586 2008 2622 Dei

338 2644 411 2684 est,
446 2652 471 2679 a
505 2643 580 2679 Dei
616 2643 877 2679 similitudine
912 2654 995 2679 non
1020 2644 1187 2686 recedit,
1225 2645 1318 2680 ideo
1346 2645 1386 2680 in
1413 2646 1488 2680 hac
1515 2644 1845 2680 consideratione
1872 2644 2006 2690 imago

337 2701 416 2736 dici
440 2702 588 2746 potest,
628 2711 733 2747 quae
759 2702 966 2738 invenitur
991 2702 1032 2738 in
1058 2703 1207 2744 mente,
1243 2703 1386 2739 notitia
1411 2704 1452 2738 et
1476 2710 1636 2745 amore;
1679 2704 1752 2739 sed
1783 2704 2007 2739 secundum

337 2761 446 2804 quod
481 2770 608 2796 mens.
635 2761 675 2796 in
712 2761 842 2797 Deum
876 2761 1017 2802 tendit,
1055 2761 1097 2797 in
1129 2762 1327 2797 memoria
1352 2759 1601 2797 intellectiva
1627 2763 1668 2797 et
1693 2762 1915 2798 voluntate.
1967 2761 2008 2798 Si

337 2828 436 2854 vero
474 2829 597 2864 supra
631 2819 711 2855 alia
745 2820 1010 2855 convertatur
1045 2829 1166 2864 quam
1194 2829 1317 2865 supra
1343 2830 1388 2856 se
1415 2821 1480 2856 vel
1508 2830 1631 2865 supra
1656 2820 1797 2861 Deum,
1835 2820 1930 2856 licet
1957 2820 2008 2856 sit

477 2905 496 2936 3
522 2904 731 2943 maximum]
763 2906 921 2937 maxime
1030 2906 1072 2937 34
1102 2905 1156 2944 12]
1191 2906 1230 2937 11
1340 2906 1381 2937 35
1409 2905 1578 2946 seseque]
1611 2914 1651 2938 se
1678 2906 1762 2946 quia
1867 2907 1910 2939 38
1938 2906 2005 2945 est]

339 2957 425 2989 add.
451 2958 492 2989 in
517 2966 638 2997 mary.

477 3038 489 3060 ¹
516 3039 534 3071 ἱ)
553 3016 615 3071 —De
637 3041 894 3072 reformatione
921 3041 1108 3080 imaginis:
1136 3040 1222 3078 XIV,
1252 3040 1293 3072 16
1314 3049 1362 3072 ss.
1390 3038 1459 3079 (PL
1486 3042 1539 3079 42,
1568 3041 1654 3073 1052
1682 3050 1714 3073 n.
1743 3040 1810 3079 22).

476 3091 491 3113 2
517 3092 572 3124 PL
600 3093 652 3131 42,
683 3093 780 3124 1048.

2033 850 2065 875 10

2032 1144 2064 1169 15

2031 1467 2064 1492 20

2028 2071 2062 2097 30

2028 2364 2061 2390 35

2027 2655 2061 2683 40
