2095 3459
347 188 412 223 152
854 189 1029 222 Johanm's
1054 188 1221 223 Pechami
1247 189 1496 227 Quaestiones.

348 286 457 322 Sicut
482 285 713 331 ignobilitas
741 284 944 330 significat
968 285 1177 322 miseriam
1210 287 1365 322 tantum
1398 286 1439 322 in
1473 286 1686 328 communi,
1725 286 1781 322 ita
1814 287 1854 322 et
1879 287 2008 332 gloria

344 344 591 380 felicitatem.

486 403 539 437 12.
564 402 664 438 Item
689 412 773 438 non
793 402 953 438 videtur
972 402 1102 448 magis
1132 412 1226 439 esse
1253 412 1480 439 consonum
1499 404 1681 445 naturae,
1703 404 1811 448 quod
1836 413 2009 449 corpora

347 470 477 506 opaca
500 460 602 497 fiant
626 461 736 497 clara
761 470 882 506 quam
909 462 1089 503 econtra,
1116 462 1225 507 quod
1250 471 1424 507 corpora
1450 462 1560 499 clara
1583 462 1684 498 fiant
1704 463 1889 499 obscura.
1928 463 2008 499 Sed

345 520 617 562 <secundum>
636 520 746 556 nullo
767 519 888 556 modo
908 519 1000 556 fieri
1019 520 1156 565 potest
1176 520 1265 557 sine
1286 521 1557 566 corruptione.
1582 520 1687 567 Ergo
1706 530 1785 557 nec
1801 521 1972 567 primum
1983 524 2007 558 1.
2044 538 2060 564 5

927 733 1235 795 Quaestio
1273 734 1427 788 XIX.

429 867 664 912 Quaeritur
694 867 821 907 iuxta
852 868 937 908 hoc
969 869 1115 907 utrum
1147 868 1296 908 futura
1327 868 1414 908 sint
1446 868 1637 908 clariora
1668 869 1928 918 corporibus

703 937 984 987 caelestibuS,
1017 938 1258 988 praecipue
1290 949 1478 989 corpore
1509 940 1658 980 solari.
1707 934 1710 936 ’

929 1025 1190 1062 ostenditur
1214 1027 1336 1071 quod
1363 1026 1440 1063 sic.

487 1104 517 1138 1.
544 1102 682 1138 Isaiae
706 1103 761 1144 30,
782 1104 892 1145 <26>ῑ
932 1102 1035 1146 „Erit
1069 1103 1139 1138 lux
1173 1103 1294 1139 lunae
1327 1103 1431 1139 sicut
1462 1104 1532 1140 lux
1557 1104 1654 1140 solis
1682 1105 2010 1150 septempliciter,
2031 1124 2063 1148 10

349 1161 452 1197 sicut
476 1161 547 1196 lux
572 1162 731 1206 septem
752 1162 941 1197 dierum“.
980 1162 1037 1198 Ibi
1057 1162 1152 1198 dicit
1167 1162 1357 1199 Glossa2:
1384 1164 1492 1208 quod
1513 1163 1759 1208 „praemium
1780 1164 1843 1200 sui
1860 1164 2011 1200 laboris

347 1220 578 1265 recipient“.
620 1220 726 1266 Ergo
753 1221 891 1266 utique
918 1221 1029 1257 servi
1055 1223 1174 1257 erunt
1198 1221 1360 1257 homini.
1403 1221 1508 1268 Ergo
1530 1222 1565 1258 si
1583 1223 1750 1268 propter
1769 1223 2011 1268 obsequium

349 1279 571 1315 devenient
596 1278 637 1314 in
661 1280 817 1315 tantam
837 1279 1072 1322 claritatem,
1100 1289 1198 1326 ergo
1219 1280 1286 1316 ille
1306 1282 1474 1326 propter
1494 1289 1613 1326 quem
1632 1281 1741 1317 facta
1761 1283 1864 1324 sunt,
1891 1282 2012 1319 subli-

348 1337 521 1374 mabitur
545 1338 584 1374 in
612 1338 819 1374 maiorem.

486 1398 518 1432 2.
543 1396 643 1433 Item
674 1397 899 1433 secundum
933 1397 1308 1435 Damascenum3
1343 1399 1415 1439 lux
1447 1401 1510 1435 est
1540 1399 1794 1445 pulchritudo
1821 1401 1861 1436 et
1887 1410 2012 1437 causa
2032 1423 2064 1447 15

348 1455 654 1499 pulchritudinis
692 1456 825 1492 omnis
863 1456 1032 1492 visibilis
1071 1458 1296 1493 creaturae.
1348 1458 1428 1494 Sed
1465 1458 1533 1494 illa
1567 1468 1741 1504 corpora
1777 1460 1894 1495 erunt
1927 1460 2011 1505 pul-

350 1514 559 1550 cherrima.
607 1514 695 1551 Non
721 1515 920 1560 recipient
942 1517 1130 1552 ornatum
1148 1516 1228 1552 nisi
1247 1518 1298 1553 ab
1318 1517 1454 1553 anima
1474 1519 1516 1554 et
1533 1527 1616 1554 non
1637 1527 1662 1554 a
1682 1528 1855 1563 corpore
1875 1518 2010 1564 aliquo

348 1572 581 1609 inanimato.
616 1573 740 1615 Erunt
762 1584 860 1620 ergo
880 1574 1146 1611 luminosiora
1165 1576 1352 1612 omnibus
1374 1576 1612 1622 corporibus
1630 1577 1874 1613 inanimatis.
1910 1577 2012 1614 Con-

349 1632 564 1676 sequentia
583 1633 795 1677 probatur:
823 1633 926 1674 Quia
945 1643 1118 1679 corpora
1135 1634 1337 1671 luminosa
1357 1636 1504 1672 ornant
1524 1635 1660 1672 omnia
1679 1645 1853 1681 corpora
1877 1637 2010 1673 minus

348 1690 560 1726 luminosa.
2029 1717 2063 1742 20

486 1751 518 1786 3.
543 1743 644 1786 Item
669 1760 817 1796 corpus
844 1752 978 1788 solare
1004 1753 1219 1790 abscondit
1254 1763 1375 1790 omne
1412 1764 1560 1800 corpus
1591 1754 1723 1791 minus
1755 1755 2010 1792 luminosum.

349 1807 453 1854 Ergo
480 1808 515 1844 si
541 1818 688 1855 corpus
713 1810 936 1856 gloriosum
963 1812 1039 1848 erit
1064 1812 1196 1849 minus
1224 1813 1377 1849 clarum
1412 1823 1533 1859 quam
1570 1823 1718 1859 corpus
1758 1815 1905 1856 solare.
1943 1815 2012 1851 ab-

350 1868 570 1904 scondetur
596 1868 683 1905 eius
707 1869 869 1906 claritas
895 1879 920 1906 a
945 1870 1128 1907 claritate
1155 1872 1297 1916 solari;
1328 1873 1394 1908 vel
1421 1873 1566 1909 saltem
1590 1874 1857 1916 hebetabitur‚
1884 1873 1919 1910 si
1943 1874 2011 1910 ad-

349 1927 548 1971 aequatur
561 1927 600 1963 ei
613 1926 654 1963 in
669 1928 863 1965 claritate.
889 1929 1112 1974 Utrumque
1128 1931 1191 1967 est
1204 1931 1512 1968 inconveniens.
1538 1931 1643 1978 Ergo
1659 1932 1734 1968 erit
1748 1932 1895 1968 clarius
1911 1933 2009 1968 sole.

486 1986 518 2021 4.
543 1986 638 2022 Item
676 1996 823 2033 corpus
859 1988 1081 2034 gloriosum
1117 1989 1159 2025 in
1196 1990 1383 2027 omnibus
1423 1991 1511 2027 aliis
1548 1991 1809 2037 dignitatibus
1848 1992 2011 2028 excedit
2030 2009 2063 2035 25

349 2044 586 2090 dignitatem
612 2055 827 2091 corporum
853 2047 1103 2091 caelestium,
1129 2050 1171 2084 ut
1195 2050 1308 2094 patet
1327 2049 1368 2085 in
1388 2050 1620 2092 subtilitate,
1647 2051 1827 2096 agilitate
1846 2052 1887 2087 et
1907 2051 2012 2087 simi-

348 2102 463 2139 libus.
511 2103 617 2150 Ergo
653 2105 798 2141 eadem
832 2106 990 2142 ratione
1023 2106 1065 2142 in
1100 2107 1294 2144 claritate.
1342 2108 1456 2145 Haec
1490 2110 1786 2155 consequentia
1817 2111 2012 2155 probatur

349 2162 428 2198 sic:
464 2161 567 2199 Esse
601 2164 785 2200 naturale
813 2165 995 2209 sequitur
1021 2175 1116 2202 esse
1142 2167 1441 2213 magnitudinis.
1492 2168 1573 2205 Sed
1600 2178 1696 2205 esse
1722 2169 2010 2216 magnitudinis

349 2221 530 2267 corporis
556 2222 725 2268 gloriosi
750 2224 814 2259 est
839 2224 1097 2261 sublimatum
1123 2235 1247 2271 super
1273 2236 1437 2263 omnem
1456 2227 1776 2273 magnitudinem
1796 2238 2011 2274 corporum

349 2280 586 2317 caelestium
609 2290 686 2327 per
709 2282 848 2318 dotem
874 2283 1116 2320 subtilitatis.
1165 2284 1270 2331 Ergo
1298 2286 1339 2322 et
1364 2295 1460 2323 esse
1485 2287 1671 2324 naturale
1708 2287 1893 2324 eiusdem
1918 2297 2011 2324 con·
2030 2305 2064 2330 30

349 2350 528 2386 sequens
554 2342 875 2389 magnitudinem
903 2346 966 2381 est
992 2346 1250 2382 sublimatum
1275 2356 1399 2392 super
1425 2357 1588 2384 omnem
1619 2347 1913 2393 proprietatem
1943 2357 2012 2384 na-

348 2400 518 2436 turalem
545 2401 760 2439 cuiuslibet
786 2404 981 2449 corporis.
1032 2404 1195 2441 Certum
1222 2406 1285 2442 est
1319 2408 1458 2443 autem
1493 2407 1602 2452 quod
1637 2407 1898 2453 perspicuum
1934 2408 2012 2443 ter-

348 2458 541 2495 minatum
569 2462 632 2497 est
656 2471 730 2506 per
756 2469 929 2507 opacum
954 2463 996 2499 in
1022 2473 1194 2509 corpore
1221 2464 1347 2501 mixto
1382 2466 1629 2503 naturaliter.
1678 2465 1783 2512 Ergo
1820 2466 1900 2503 ista
1934 2467 2012 2502 ter—

347 2519 512 2556 minatio
540 2522 604 2556 est
629 2522 844 2559 sublimata
870 2532 994 2569 super
1014 2534 1177 2561 omnem
1196 2526 1360 2562 modum
1379 2526 1617 2569 naturalem,
1643 2527 1686 2562 ut
1704 2526 1858 2562 scilicet
1877 2526 2009 2562 omnis

348 2577 531 2622 opacitas
558 2579 609 2615 sit
635 2581 805 2617 exclusa
831 2582 871 2618 et
897 2582 1058 2619 claritas
1086 2583 1181 2621 data
1207 2594 1330 2630 super
1356 2594 1518 2622 omnem
1543 2586 1767 2623 claritatem
1792 2586 1922 2623 aliam.
2029 2602 2064 2627 35

485 2639 517 2673 5.
544 2638 643 2675 Item
669 2641 819 2685 quanto
847 2640 1006 2687 dignior
1032 2643 1095 2679 est
1128 2644 1274 2680 natura
1309 2644 1557 2690 recipientis,
1594 2646 1708 2682 tanto
1744 2646 2011 2683 excellentior

347 2695 557 2734 influentia
581 2700 775 2745 recipitur
798 2701 840 2737 in
864 2701 955 2747 ipso
966 2704 991 2738 4.
1042 2702 1122 2739 Sed
1148 2703 1327 2740 humana
1351 2705 1498 2741 natura
1528 2705 1783 2742 transcendit
1814 2705 2009 2751 dignitate

348 2764 509 2792 omnem
535 2758 719 2795 naturam
746 2759 1020 2797 inanimatam.
1069 2761 1175 2808 Ergo
1201 2764 1242 2799 et
1267 2763 1492 2800 claritatem
1517 2765 1704 2801 solarem.

488 2857 503 2887 1
533 2857 659 2897 gloria]
685 2858 837 2899 gloriam
933 2860 951 2892 3
980 2859 1087 2900 quod]
1115 2869 1223 2901 quam
1318 2861 1337 2893 4
1365 2861 1473 2902 quod]
1500 2870 1607 2903 quam
1705 2862 1745 2894 12
1772 2863 1869 2895 servi
1893 2863 2009 2903 erunt]

347 2909 541 2941 secundum
560 2910 701 2943 inerunt
712 2910 758 2951 (2²)
831 2912 873 2944 22
901 2912 1109 2953 gloriosum]
1135 2914 1348 2946 luminosum
1422 2915 1464 2947 23
1491 2914 1581 2954 eius]
1607 2915 1701 2947 enim
1773 2915 1815 2947 24
1843 2914 1890 2956 ei]
1917 2917 2011 2949 enim

487 3002 499 3025 1
525 3004 730 3045 Responsio
752 3007 788 3038 et
806 3007 937 3039 solutio
959 3007 1138 3040 habentur
1161 3017 1246 3050 pag.
1267 3009 1332 3041 154
1354 3018 1457 3050 seqq.
1598 3008 1613 3031 2
1640 3010 1774 3043 Glossa
1799 2995 2009 3045 ordinaria.

484 3054 500 3077 3
525 3057 578 3089 De
601 3058 680 3091 Fid.
710 3059 812 3091 Orth.
837 3059 861 3098 I,
889 3060 908 3092 7
934 3057 1011 3098 (PG'
1036 3060 1090 3100 94,
1117 3059 1211 3105 887);
1349 3060 1365 3083 4
1390 3061 1459 3094 Cir.
1486 3071 1570 3103 pag.
1598 3062 1662 3095 151
1688 3063 1761 3096 not.
1789 3064 1818 3096 5.
