2095 3459
100 2420 163 2454 rol.
187 2421 255 2456 192·
267 2421 287 2454 b

323 185 389 220 194
830 190 852 222 J
854 188 1006 222 ohannis
1031 190 1199 223 Pechami
1226 188 1475 228 Quaestiones.

320 284 573 320 Hierarchia
585 288 608 327 1,
622 295 705 321 non
727 287 789 323 est
810 287 1077 331 consumptio,
1093 288 1167 323 sed
1184 287 1387 324 unitorum
1405 286 1630 325 dis'cretio.“
1657 289 1775 325 Unde
1796 287 1983 329 defectio,

322 343 356 378 si
380 342 500 379 fieret
525 344 685 380 animae
713 344 850 380 divina
875 345 1148 389 permissione
1180 356 1256 391 per
1286 347 1587 383 vertibilitatem
1625 348 1862 390 naturalem,
1901 358 1983 384 non

322 403 435 438 esset
459 412 569 438 mors
596 403 770 447 proprie.
819 403 866 439 Et
893 404 1074 449 sequitur
1100 406 1415 450 consequentia:
1454 406 1646 450 quoniam
1680 406 1715 442 si
1749 407 1812 442 est
1837 407 1983 452 imago,

321 461 385 496 est
410 460 656 503 immortalis,
684 461 779 506 quia
797 461 931 507 imago
954 471 1086 507 capax
1113 463 1176 498 est
1195 462 1286 506 Dei;
1313 463 1423 499 Deus
1450 464 1587 499 autem
1612 473 1695 499 non
1722 464 1878 509 capitur
1902 474 1984 501 me-

320 519 457 556 diante
484 529 650 565 organo.
701 520 800 556 Cum
834 520 954 566 igitur
988 530 1062 565 per
1094 522 1258 567 regulas
1293 522 1485 567 physicas
1521 522 1667 564 anima,
1706 532 1811 567 quae
1845 524 1983 568 potest
2002 529 2017 555 5

320 578 482 623 operari
508 579 597 615 sine
625 589 793 625 organo,
827 579 959 624 possit
985 580 1107 616 etiam
1139 580 1228 616 sine
1255 590 1409 626 organo
1437 581 1675 622 subsistere,
1713 582 1906 626 sequitur,
1941 583 1985 618 ut

320 636 355 672 si
379 637 516 673 anima
541 638 592 673 sit
617 647 750 683 capax
774 638 860 680 Dei,
888 639 995 683 quod
1022 639 1073 674 sit
1097 639 1345 675 immortalis.

454 696 516 732 Ad
543 696 747 733 obiectum
772 697 814 733 in
841 697 1086 734 contrarium
1118 698 1169 734 de
1201 698 1377 734 mundo2
1402 698 1628 741 dicendum,
1668 699 1775 744 quod
1809 700 1982 736 mundus

318 756 426 791 totus
453 756 740 800 repraesentat
764 756 894 792 Deum
920 757 960 792 in
986 757 1145 793 ratione
1173 758 1504 803 exemplaritatis,
1542 768 1625 794 non
1651 758 1692 793 in
1717 758 1876 794 ratione
1902 758 1984 793 Tri-

317 814 466 850 nitatis.
516 814 634 850 Unde
661 815 877 851 mundialis
904 816 1232 861 repraesentatio
1260 818 1324 852 est
1349 817 1545 853 diminuta
1571 818 1612 853 et
1636 817 1904 862 particularis,
1931 818 1983 853 ad
2005 823 2037 848 1⁰

317 873 534 918 vestigium
560 874 781 918 pertinens.
827 874 907 911 Sed
929 876 1117 911 creatura
1135 875 1345 911 rationalis
1368 885 1567 920 expresse
1590 877 1630 911 et
1649 875 1831 920 perfecte
1851 876 1983 921 ipsum

316 933 603 977 repraesentat
627 933 668 968 in
696 933 879 969 essentia
905 935 945 969 et
971 934 1172 979 personis.

882 1149 1190 1211 Quaestio
1229 1150 1420 1203 XXIX.

315 1278 554 1324 Quaeritur
588 1278 641 1318 de
674 1278 883 1327 secund0‚
920 1278 973 1318 de
1006 1278 1198 1329 imagine
1230 1279 1275 1318 in
1301 1278 1498 1328 speciali.
1549 1277 1600 1317 Et
1626 1278 1712 1318 hoc
1739 1277 1983 1318 secundum

315 1350 426 1390 duas
472 1350 677 1400 imaginis
722 1349 1060 1400 assignationes
1134 1349 1333 1395 Quarum
1372 1349 1517 1399 prima
1556 1350 1623 1388 est
1665 1348 1710 1388 in
1750 1349 1980 1398 potentiis:
2009 1356 2038 1381 ¹5

312 1420 357 1460 in
401 1421 634 1470 memoria,
685 1420 979 1471 intelligentia
1023 1422 1067 1460 et
1108 1421 1361 1469 voluntate;
1407 1420 1606 1460 secunda
1648 1420 1693 1459 in
1736 1419 1982 1460 habitibus:

737 1493 884 1531 mente
916 1491 1097 1541 scilicet,
1131 1491 1288 1531 notitia
1319 1492 1362 1531 et
1394 1502 1558 1531 amore.

453 1592 570 1629 Circa
594 1592 765 1637 primum
793 1593 1045 1637 quaeruntur
1072 1592 1270 1637 quinque:
1297 1592 1427 1628 Primo
1455 1592 1663 1636 quaeritur
1689 1592 1739 1627 de
1759 1590 1821 1626 his
1842 1592 1984 1636 poten-

312 1650 387 1692 tiis,
421 1651 647 1688 secundum
674 1652 782 1696 quod
808 1652 961 1688 habent
986 1651 1206 1697 imaginem
1233 1650 1483 1687 constituere
1493 1658 1501 1693 ;
1521 1650 1720 1686 'secundo
1748 1651 1799 1686 de
1827 1650 1984 1687 eisdem

312 1710 353 1745 in
379 1711 687 1755 comparatione
714 1711 765 1746 ad
793 1710 1064 1747 substantiam
1089 1710 1271 1753 animae;
1299 1709 1419 1745 tertio
1441 1710 1491 1745 de
1514 1709 1821 1754 comparatione
1842 1718 1983 1745 earum
2003 1719 2037 1745 20

312 1769 352 1805 in
381 1769 574 1812 invicem;
611 1770 754 1814 quarto
791 1770 841 1806 de
878 1769 1058 1814 qualibet
1092 1769 1133 1804 in
1168 1769 1477 1813 comparatione
1513 1769 1564 1804 ad
1599 1768 1804 1813 propriam
1840 1777 1984 1813 opera-

311 1827 465 1864 tionem
475 1835 482 1871 ;
510 1828 674 1873 <quinto
702 1828 753 1864 de
780 1829 1023 1874 argumento
1050 1828 1330 1873 Augustini,
1358 1827 1415 1863 De
1447 1828 1554 1863 Trin.
1575 1827 1649 1868 IX„
1677 1837 1763 1872 cap.
1790 1829 1845 1869 4>.

428 1923 431 1924 ’
453 1916 727 1960 ostenditur,
752 1917 875 1961 quod
901 1916 1136 1962 potentiae
1162 1925 1253 1952 non
1281 1917 1384 1952 sunt
1408 1917 1565 1961 partes
1591 1916 1838 1961 imaginis-‘³

451 2001 481 2036 1.
507 1999 570 2036 Ad
605 1999 826 2045 imaginem
860 1999 936 2035 Dei
974 1999 1303 2035 constituendam
1341 2009 1390 2035 ac
1426 1999 1823 2044 repraesentandam
1858 1999 1984 2035 Trini-

311 2060 437 2095 tatem
471 2059 636 2096 beatam
670 2059 931 2104 requiruntur
969 2058 1375 2095 consubstantialitas
1403 2058 1983 2104 constituentium.imaginem
2003 2072 2036 2098 25

313 2119 352 2155 et
379 2128 520 2155 earum
546 2119 660 2164 origo
687 2120 838 2154 mutua.
889 2118 955 2155 Sic
991 2118 1101 2154 enim
1138 2119 1201 2154 est
1232 2118 1274 2154 in
1300 2118 1493 2154 Personis
1520 2117 1688 2153 Divinis.
1740 2117 1820 2156 Sed
1846 2117 1887 2153 in
1913 2127 1982 2163 po-

310 2177 449 2214 tentiis
475 2177 638 2214 animae
664 2187 749 2214 non
775 2177 937 2213 videtur
963 2177 1367 2213 consubstantialitas
1404 2186 1510 2218 esse,
1549 2186 1640 2212 cum
1678 2186 1760 2212 una
1797 2177 1983 2221 potentia

312 2236 474 2273 differat
498 2237 551 2272 ab
577 2236 667 2273 alia.
717 2236 801 2272 Nec
833 2237 898 2272 est
930 2236 1044 2281 origo
1076 2236 1196 2272 unius
1234 2235 1445 2281 potentiae
1483 2236 1535 2271 ab
1573 2235 1664 2277 alia,
1703 2235 1799 2280 quia
1836 2244 1980 2271 omnes

309 2295 521 2341 potentiae
548 2296 642 2331 sunt
667 2296 926 2337 concreatae,
964 2295 1087 2331 immo
1122 2295 1210 2337 <in>
1245 2295 1382 2331 anima
1416 2294 1706 2340 congregatae.
1753 2293 1861 2339 Ergo
1897 2303 1981 2330 non

311 2356 374 2391 est
399 2355 440 2391 in
468 2355 528 2391 eis
553 2354 700 2400 imago.
1320 2366 1323 2368 ·
2002 2366 2036 2391 30

450 2414 482 2449 2.
508 2413 608 2450 Item
628 2413 790 2449 videtur
809 2413 918 2458 quod
938 2413 1138 2449 memoria
1155 2422 1235 2449 non
1264 2413 1469 2458 pertineat
1496 2412 1548 2448 ad
1576 2412 1605 2447 i-
1619 2411 1632 2450 ΙΙ
1647 2411 1862 2457 maginem,
1889 2411 1984 2456 quia

309 2472 444 2519 imago
471 2472 740 2509 recreationis
761 2472 950 2508 consistit
969 2472 1011 2508 in
1031 2472 1159 2508 tribus
1179 2472 1394 2508 virtutibus
1414 2471 1669 2517 theologicis,
1697 2471 1738 2506 et
1755 2470 1983 2515 respondet

449 2571 468 2602 3
496 2569 771 2611 consequentia]
797 2570 850 2602 sic
879 2570 921 2602 in
951 2570 1126 2610 margine
1156 2569 1378 2610 com-ignum·
1415 2570 1534 2602 textus
1564 2569 1695 2602 habet:
1720 2568 1981 2607 convertentia,

310 2632 408 2664 quae
431 2632 504 2655 voa:
529 2624 616 2664 ipsa
642 2632 792 2664 quoque
811 2623 969 2664 praebet
992 2632 1143 2655 sensum
1169 2631 1308 2656 sanum
1405 2622 1446 2654 21
1480 2623 1646 2663 qualibet.
1670 2621 1719 2661 in]
1757 2622 1911 2654 additur
1940 2622 1982 2654 in

309 2677 482 2717 maraine
577 2677 620 2709 23
656 2676 875 2715 ostenditur,
915 2676 1011 2716 quod
1045 2676 1231 2716 potentiae
1264 2685 1336 2708 non
1370 2676 1454 2708 sunt
1487 2676 1611 2716 partes
1646 2674 1828 2716 imaginis]
1863 2676 1981 2707 totum

309 2730 457 2768 addidi;
495 2739 563 2762 ms.
597 2730 728 2762 habet:
763 2729 809 2762 ad
839 2730 991 2769 primum
1020 2730 1182 2770 arguitur
1207 2729 1260 2761 sic
1356 2729 1397 2761 26
1426 2727 1561 2768 earum]
1588 2737 1731 2760 erarum
1827 2728 1870 2760 29
1897 2736 1980 2760 con-

308 2782 468 2822 creatae]
495 2785 714 2815 coaeternae

449 2882 462 2905 1
488 2883 575 2923 Cap.
601 2883 640 2916 Π.
667 2881 738 2922 (PL
766 2882 842 2919 122,
871 2881 986 2922 1079).
1127 2881 1143 2904 ²
1168 2881 1310 2915 Scilicet
1336 2882 1381 2914 ad
1406 2882 1432 2914 B
1459 2891 1493 2922 p.
1522 2882 1598 2914 192.

448 2935 463 2957 ³
487 2935 687 2968 Videantur
717 2937 885 2968 auctores
916 2936 1052 2968 laudati
1088 2936 1175 2968 nota
1206 2936 1237 2974 2,
1274 2944 1308 2975 p.
1339 2935 1420 2973 191;
1457 2935 1615 2967 Bonav.
1643 2934 1874 2974 praesertim:
1913 2934 1978 2974 Op.

310 2997 409 3022 omn.
435 2989 459 3028 I,
486 2989 529 3021 80
550 2998 598 3021 ss.
625 2987 699 3027 (hic
730 2990 854 3030 plures
879 2998 926 3022 ex
952 2989 1152 3021 rationibus
1178 2989 1297 3021 allatis
1324 2997 1345 3020 a
1370 2986 1616 3026 Pechamo);
1642 2987 1979 3025 Montefortino,

308 3042 362 3082 111,
390 3042 456 3074 836
483 3050 531 3074 ss.
