2095 3459
831 202 1002 239 Quaestio
1029 202 1083 235 Vl.
1753 200 1794 236 71

116 295 240 332 etiam
262 296 310 332 sit
331 298 501 334 verbum
517 298 833 335 Aristotelis1
854 300 1046 344 ponentis
1069 299 1232 344 species
1254 299 1434 336 abstrahi
1454 310 1479 336 a
1497 301 1795 345 phantasmate,

118 364 261 391 verum
288 356 410 392 etiam
439 357 490 392 sit
516 359 685 394 verbum
713 358 992 404 Augustini.
1020 359 1088 404 qui
1115 359 1211 395 dicit
1236 359 1277 394 vi
1302 359 1390 404 rapi
1417 359 1719 405 cogitationem.

258 415 311 450 19.
348 415 408 451 Ad
450 418 637 452 octavum
678 418 894 454 dicendum
933 418 1041 463 quod
1080 418 1150 454 lux
1189 418 1326 454 divina
1362 419 1426 455 est
1462 419 1642 454 omnium
1666 418 1797 455 forma

118 473 366 518 exemplaris
395 476 436 511 et
462 476 579 520 quasi
606 476 804 518 efficiens,
843 477 1079 521 imprimens
1119 477 1308 513 omnibus
1337 487 1453 514 suam
1480 478 1795 520 similitudinem,

81 537 97 562 ⁵
118 532 222 569 sicut
260 533 434 579 sigillum
472 535 663 580 imprimit
699 536 871 572 formam
907 546 1023 572 suam
1061 546 1194 572 cerae.
1245 537 1334 573 Non
1370 538 1508 573 tamen
1536 538 1599 573 est
1625 537 1795 574 alieuius

116 591 247 628 forma
272 592 494 629 inhaerens
523 594 627 630 sieut
653 595 870 641 vestigium
898 595 1017 641 sigilli
1043 596 1082 631 in
1111 605 1217 632 cera.

256 651 310 688 20.
338 652 400 688 Ad
421 662 574 689 nonum
596 654 705 698 quod
732 655 884 699 quanto
911 654 1062 700 aliquid
1091 653 1325 700 simplicius,
1353 656 1466 692 tanto
1489 657 1553 692 est
1573 657 1796 702 impropor—

116 710 349 747 tionabilius
376 711 416 747 in
444 712 679 758 cognitione
707 713 946 758 composita,
986 714 1061 750 sed
1093 724 1177 750 non
1202 714 1244 750 in
1271 715 1506 760 cognitione
1534 716 1715 761 simplici,
1755 716 1795 753 in

116 779 196 814 qua
222 779 399 807 necesse
427 772 491 807 est
516 771 607 807 fieri
631 772 927 809 resolutionem
954 774 1005 809 ad
1033 773 1214 810 ultimam
1242 775 1282 810 et
1302 774 1573 811 certissimam
1592 775 1795 812 rationem

64 834 97 860 10
116 830 407 876 cognoscendi.

715 983 1025 1044 Quaestio
1064 982 1184 1036 VI.2
1817 1005 1877 1038 roc.
1905 1006 1973 1039 251⁷
1985 1006 2005 1039 b

117 1102 357 1148 Quaeritur
387 1103 515 1143 iuxta
546 1104 631 1144 hoe
664 1106 812 1145 utrum
844 1106 957 1145 ratio
991 1106 1198 1156 superior
1229 1108 1271 1146 et
1303 1106 1499 1156 inferior,
1540 1107 1594 1147 de
1634 1108 1794 1158 quibus

115 1174 313 1224 loquitur
354 1162 738 1226 Augustinus⁴³‚
791 1176 877 1216 sint
927 1176 1044 1217 idem
1096 1178 1215 1227 quod
1266 1177 1521 1219 intellectus
1568 1189 1708 1230 agens
1751 1180 1794 1219 et

361 1245 600 1296 possibiliS,
635 1247 689 1287 de
723 1247 882 1297 quibus
914 1248 1110 1298 loquitur
1141 1244 1546 1299 Philosophus4.

64 1348 96 1374 15
692 1335 954 1374 ostenditur
980 1338 1105 1382 quod
1132 1338 1210 1374 sie.
1815 1345 1864 1382 A.

256 1413 286 1448 1.
315 1412 418 1453 Quia
444 1413 774 1459 Augustinus,
812 1414 872 1450 De
903 1414 1010 1450 Trin.
1038 1414 1117 1456 XII,
1145 1425 1232 1460 cap.
1253 1416 1301 1451 45
1340 1416 1437 1452 dicit
1463 1417 1573 1461 quod
1599 1417 1792 1462 quemad-

115 1472 280 1509 modum
306 1473 386 1508 duo
414 1474 508 1509 sunt
535 1472 731 1519 coniuges
759 1473 800 1509 in
827 1483 951 1510 carne
978 1483 1071 1516 una,
1110 1474 1169 1511 sic
1204 1475 1284 1511 duo
1325 1476 1419 1511 sunt
1456 1475 1497 1511 in
1534 1477 1672 1512 mente
1701 1486 1792 1518 una,

115 1532 211 1577 quia
237 1531 470 1578 coniugium
497 1532 561 1568 est
585 1532 691 1568 inter
716 1532 919 1569 rationem
947 1533 1203 1578 superiorem
1225 1534 1266 1570 et
1292 1534 1539 1573 inferiorem.
1592 1535 1672 1572 Sed
1699 1545 1793 1571 oon-

114 1591 268 1638 iugium
303 1593 366 1632 est
400 1591 507 1627 inter
532 1591 782 1627 intellectum
807 1593 1012 1638 agentem,
1049 1593 1117 1638 qui
1144 1594 1208 1629 est
1233 1603 1258 1629 a
1282 1594 1399 1639 parte
1425 1593 1594 1636 formae,
1634 1595 1676 1631 et
1700 1604 1794 1640 pos-

61 1661 96 1687 20
116 1651 287 1693 sibilem,
315 1651 383 1696 qui
410 1651 473 1687 est
499 1660 524 1687 a
548 1651 664 1696 parte
691 1651 900 1688 materiae.
950 1651 1117 1697 Appetit
1144 1652 1252 1688 enim
1278 1652 1450 1689 materia
1474 1652 1658 1695 formam,
1688 1654 1793 1690 sieut

115 1711 232 1756 turpe
260 1710 413 1747 bonum
440 1711 480 1746 et
505 1719 610 1746 uxor
634 1710 776 1752 virum,
815 1711 857 1746 ut
895 1711 992 1747 dicit
1028 1711 1355 1757 Philosophus
1370 1714 1394 1747 6.
1444 1711 1548 1759 Ergo
1589 1723 1679 1749 eum
1705 1713 1793 1756 <in>

114 1779 197 1806 una
222 1769 359 1806 anima
384 1779 468 1806 non
495 1769 546 1805 sit
572 1769 805 1816 coniugium
831 1770 910 1806 nisi
935 1780 1070 1813 unum,
1099 1771 1247 1807 eadem
1273 1772 1367 1807 sunt
1394 1773 1580 1808 extrema
1606 1772 1724 1808 huius
1753 1774 1792 1811 et

114 1829 220 1865 illius
248 1829 438 1875 coniugii.

254 1889 287 1924 2.
312 1888 414 1924 Item
441 1897 612 1933 quorum
638 1889 753 1924 actus
780 1898 896 1930 unus,
924 1890 965 1925 et
989 1889 1081 1934 ipsa
1106 1890 1201 1926 sunt
1220 1899 1355 1926 unum.
1395 1889 1477 1926 Sed
1496 1900 1600 1927 unus
1623 1892 1664 1927 et
1683 1891 1791 1927 idem

61 1957 96 1983 25
117 1948 180 1984 est
217 1948 332 1984 actus
370 1947 607 1993 principalis
644 1947 876 1984 intellectus
914 1948 1075 1994 agentis
1115 1949 1156 1985 et
1191 1948 1362 1985 rationis
1401 1949 1636 1994 superioris.
1684 1949 1789 1996 Ergo

113 2004 223 2043 idem
262 2007 326 2043 est
361 2006 465 2043 ratio
506 2006 703 2052 superior,
742 2007 810 2052 qui
845 2008 907 2043 est
944 2007 1177 2044 intellectus
1215 2017 1358 2054 agens.
1407 2007 1538 2044 Minor
1574 2010 1789 2053 probatur:

116 2065 317 2106 Quoniam
342 2065 438 2102 lieet
463 2066 580 2102 actus
606 2066 672 2101 vel
700 2065 884 2110 operatio
912 2066 963 2102 sit
988 2066 1220 2103 intellectus
1253 2067 1413 2113 agentis
1450 2067 1627 2112 spoliare
1666 2068 1791 2113 phan-

114 2125 300 2166 tasmata,
327 2124 589 2170 principalior
614 2126 752 2161 tamen
780 2126 843 2161 est
869 2125 1054 2170 operatio
1083 2125 1269 2162 eiusdem
1300 2125 1565 2162 manifestare
1592 2127 1791 2172 principia

114 2193 189 2229 per
215 2193 261 2220 se
287 2185 386 2220 nota
410 2183 562 2220 lumine
589 2193 675 2220 suo.
726 2183 808 2220 Sed
834 2185 912 2220 hoc
937 2184 1047 2221 idem
1073 2186 1138 2221 est
1163 2184 1343 2221 officium
1367 2185 1529 2221 luminis
1565 2186 1788 2231 superioris

62 2258 96 2283 30
114 2236 294 2279 rationis
356 2243 476 2292 Unde
514 2243 838 2289 Augustinus,
882 2244 1057 2280 Retract.
1092 2244 1118 2286 I,
1168 2254 1255 2289 cap.
1293 2245 1358 2279 47:
1416 2243 1678 2287 „Credibilius
1727 2246 1790 2281 est

114 2303 335 2348 propterea
359 2312 461 2338 vera
485 2303 741 2348 respondere
769 2302 819 2339 de
840 2303 1083 2348 quibusdam
1104 2303 1344 2348 disciplinae
1366 2303 1604 2339 substantiis
1620 2303 1789 2346 <et1am>

114 2361 324 2406 imperitos
363 2370 515 2403 earum,
552 2361 715 2406 quando
750 2362 858 2398 bene
896 2361 1209 2408 interrogantur,
1249 2361 1344 2407 quia
1380 2371 1580 2406 praesens
1617 2362 1681 2398 est
1716 2362 1788 2403 eis,

114 2420 253 2456 lumen
277 2420 620 2462 incommutabile,
646 2420 688 2456 in
715 2430 794 2466 quo
814 2421 920 2457 haee
940 2421 1078 2457 omnia
1091 2430 1192 2457 vera
1211 2420 1476 2456 immutabilia
1496 2420 1786 2466 conspiciunt.“

114 2479 162 2515 Et
185 2480 340 2516 eertum
361 2480 425 2516 est
445 2479 554 2524 quod
573 2479 670 2515 illud
688 2479 827 2520 lumen
849 2479 1180 2516 incommutabile
1201 2489 1284 2516 non
1303 2479 1512 2525 attingitur
1531 2479 1609 2515 nisi
1627 2479 1787 2516 ratione

64 2551 98 2577 35
118 2538 330 2584 superiori.
379 2538 532 2584 <Ergo>
559 2539 634 2574 ete.

236 2638 253 2669 1
281 2636 338 2676 sit]
366 2637 407 2669 fit
480 2636 521 2668 10
540 2636 797 2678 cognoscendi]
818 2635 1031 2669 Solutiones
1051 2636 1279 2669 obiectorum
1299 2637 1458 2669 10.—16.
1475 2636 1617 2669 desunt.
1656 2636 1702 2669 In
1725 2637 1786 2669 fol.

117 2691 222 2723 25va
248 2690 388 2723 lamma
414 2691 494 2722 octo
521 2689 719 2727 linearum,
751 2689 793 2722 in
823 2689 885 2722 fol.
912 2689 1013 2722 25vb
1046 2689 1331 2730 quatuordecim
1426 2689 1468 2721 32
1496 2688 1631 2728 earum]
1665 2698 1787 2721 eorum

257 2784 271 2807 1
298 2785 409 2818 Anal.
436 2784 533 2817 Post.
559 2785 582 2824 Ι,
610 2786 647 2823 5;
674 2783 728 2817 De
751 2783 892 2817 Ani-ma
916 2784 970 2823 ΙΙΙ,
998 2784 1017 2816 3
1044 2784 1146 2820 (text.
1175 2782 1248 2822 12);
1274 2783 1436 2824 Metaph.
1461 2784 1516 2823 XI,
1541 2785 1560 2816 7
1587 2783 1670 2823 (XII,
1697 2784 1785 2816 text.

119 2837 195 2878 39);
221 2838 331 2878 Phys.
356 2838 396 2877 H,
422 2838 442 2870 2
469 2836 572 2877 (text.
602 2836 676 2878 18);
702 2837 903 2876 Thomas,
929 2837 982 2869 De
1008 2836 1149 2869 Anima
1173 2836 1226 2875 HI,
1253 2836 1275 2868 l.
1303 2836 1356 2868 10.

257 2890 273 2913 2
298 2891 368 2924 Cir.
394 2892 565 2930 Bonav.,
595 2891 660 2932 Op.
688 2899 787 2923 omn.
814 2890 851 2929 II,
879 2890 944 2922 563
971 2898 1086 2930 seqq„
1120 2889 1185 2923 567.
1211 2895 1335 2929 seqq.;
1373 2890 1420 2921 ib.
1446 2889 1470 2928 I⁷
1497 2889 1539 2921 84
1571 2888 1786 2928 (Scholion);

119 2944 321 2982 Thomas,
346 2944 399 2976 De
429 2944 586 2976 Veritate
611 2953 644 2984 q.
673 2944 726 2983 15,
753 2944 818 2976 art.
847 2944 863 2975 1
892 2943 928 2975 et
953 2942 983 2974 2.

260 2995 276 3018 3
300 2997 352 3029 De
381 2997 478 3029 Trin.
504 2997 574 3035 XII,
602 2997 621 3028 7
643 2997 678 3028 et
698 2996 717 3029 8
745 2994 815 3035 (PL
841 2995 895 3034 42,
916 2995 1005 3028 1033
1026 2992 1146 3035 seqq.)
1286 2992 1301 3015 4
1325 2995 1376 3026 De
1402 2994 1542 3026 Am'ma
1566 2994 1619 3029 ΙΙΙ.
1641 2993 1660 3025 4
1682 3002 1785 3034 seqq.

259 3049 274 3072 5
298 3038 368 3089 XII,
396 3050 414 3082 3
441 3047 513 3089 (PL
539 3049 592 3088 42,
620 3049 685 3081 999
711 3057 745 3081 n.
773 3047 825 3088 3);
851 3048 914 3080 cfr.
939 3047 1010 3086 XII,
1038 3047 1079 3079 12
1098 3037 1168 3086 ‘(ib.
1196 3047 1284 3093 1007
1310 3056 1342 3079 n.
1371 3045 1439 3086 17).

261 3101 276 3124 6
301 3101 409 3142 Phys.
435 3102 459 3141 I,
486 3102 506 3135 9
533 3101 636 3141 (text.
663 3100 731 3141 81).
873 3098 887 3122 7
914 3099 969 3133 PL
994 3100 1048 3139 32,
1076 3099 1142 3132 590
1168 3108 1201 3131 n.
1229 3099 1259 3131 4.
