2095 3459
121 1293 182 1325 sol.
204 1293 249 1324 32
259 1296 272 1315 ὓ
285 1293 304 1324 b

327 192 394 227 146
833 193 855 225 J
857 192 1009 225 ohannis
1035 192 1203 224 Pechami
1227 191 1479 228 Quaestiones.

325 290 451 326 finem
475 289 709 326 violentiae.
759 288 858 324 Dico
885 289 1005 334 igitur
1031 288 1139 333 quod
1164 288 1385 332 antequam
1410 287 1607 324 violentia
1633 288 1685 323 sit
1709 288 1872 333 penitus
1899 297 1994 324 con-

327 349 537 391 summata,
563 349 635 384 aer
652 357 735 384 non
756 347 905 383 sufficit
923 347 1148 392 proiectum
1168 346 1378 391 impellere
1406 346 1605 391 superius,
1632 347 1707 382 sed
1732 346 1857 383 allidit
1883 356 1929 383 se
1956 346 1995 383 ei

326 416 420 452 pars
447 407 554 443 aeris
580 406 825 443 immediata.
874 406 922 442 Et
948 406 1041 451 quia
1067 416 1149 442 non
1177 405 1327 441 sufficit
1352 415 1444 441 eam
1470 405 1648 447 elevare,
1686 405 1826 442 dilatat
1851 415 1897 442 se
1923 406 1995 442 aer

328 475 381 502 ex
400 466 570 511 utraque
591 466 717 510 parte.
752 465 910 501 Deinde
932 465 1236 509 consequenter
1256 465 1394 509 partes
1415 464 1522 500 aeris
1543 473 1703 500 sursum
1722 464 1832 507 moti,
1851 464 1994 500 allisae

326 524 460 569 lapidi,
498 525 666 561 dilatant
701 533 758 566 se,
797 524 901 560 sicut
926 533 1033 568 aqua
1059 523 1201 559 collisa
1227 524 1370 559 contra
1396 523 1546 568 aliquid
1573 522 1757 559 solidum.
1804 522 1852 559 Et
1877 523 1996 560 durat
2014 524 2030 548 ⁵

326 583 430 619 haec
456 583 635 625 dilatatio
662 583 782 625 aeris,
810 583 903 619 dum
930 583 1047 619 durat
1072 582 1279 618 violentia.
1330 582 1509 618 Allidunt
1534 591 1632 628 ergo
1659 582 1799 627 partes
1818 581 1927 618 aeris
1949 590 1995 617 se

328 641 461 678 eidem
486 641 619 687 lapidi,
659 652 740 678 non
775 642 1060 687 permittentes
1098 651 1191 677 eum
1222 641 1490 683 descendere,
1529 641 1604 678 sed
1634 641 1832 678 fluctuant
1856 641 1995 686 partes

327 700 434 736 aeris
461 710 515 736 ex
540 701 711 746 utraque
738 701 866 746 parte,
893 700 1078 745 quamvis
1100 701 1325 745 sequentes
1346 700 1522 745 tepidius
1541 710 1664 745 quam
1682 700 1995 745 praecedentes,

328 760 368 795 et
395 768 447 795 ex
472 759 550 796 hac
574 759 840 796 fluctuatione
866 759 974 796 aeris
1002 759 1185 804 sequitur
1209 758 1419 795 fluctuatio
1446 758 1617 804 proiecti
1641 759 1683 795 in
1709 758 1879 795 sublimi.

466 818 519 854 10.
546 818 607 854 Ad
635 818 835 854 decimum
868 818 1085 854 dicendum
1120 819 1228 862 quod
1264 827 1347 853 non
1384 818 1447 853 est
1480 817 1735 854 uniformitas
1769 818 1811 854 in
1847 817 1997 855 effectu
2017 818 2049 843 ¹0

327 876 515 921 praeciso
544 876 623 913 nisi
649 878 784 913 stante
811 876 1088 913 uniformitate
1114 877 1155 912 in
1188 886 1324 913 causa.
1375 875 1456 913 Sed
1491 877 1708 922 prohibitio
1743 877 1938 922 lapi<dis>
1972 886 1997 914 a

328 945 424 972 casu
450 945 533 972 non
561 937 624 972 est
649 936 689 971 in
715 936 854 972 ultimo
881 936 1103 972 violentiae
1129 936 1341 980 praecisus
1369 935 1541 972 effectus
1577 936 1685 972 aeris
1719 935 1996 978 ascendentis,

328 995 449 1031 immo
476 994 684 1031 fluctuatio
711 995 819 1031 aeris
844 995 885 1031 in
910 996 1124 1040 utramque
1150 995 1320 1040 partem.
1368 994 1417 1030 Et
1449 994 1721 1031 immediatior
1754 995 1827 1031 aer
1860 996 1902 1031 et
1933 1004 1997 1031 su-

329 1054 466 1099 perior
490 1053 633 1090 fortius
659 1054 837 1096 fluctuat,
877 1063 1057 1099 sequens
1092 1054 1229 1090 autem
1263 1053 1408 1090 minus.
1457 1053 1627 1099 Utrique
1652 1055 1790 1090 tamen
1815 1054 1895 1090 hoc
1920 1054 1997 1090 erit

328 1121 555 1154 commune,
589 1114 696 1158 quod
724 1113 874 1149 sufficit
898 1113 1076 1158 lapi'dem
1101 1113 1320 1158 prohibere
1346 1122 1372 1149 a
1397 1122 1506 1149 casu.
2016 1118 2050 1143 15

468 1173 521 1208 11.
547 1172 609 1208 Ad
635 1172 893 1209 undecimum
920 1172 1137 1208 dicendum
1163 1172 1271 1217 quod
1298 1172 1339 1208 in
1364 1172 1634 1217 generatione
1669 1171 1774 1217 ignis
1810 1181 1864 1208 ex
1898 1172 1996 1208 aere

328 1240 410 1267 non
437 1232 501 1267 est
525 1231 605 1268 loci
630 1231 809 1273 mutatio,
848 1231 927 1267 nisi
959 1231 1066 1267 forte
1102 1231 1266 1267 omnino
1299 1240 1374 1276 per
1410 1231 1615 1273 accidens,
1654 1230 1748 1276 quia
1783 1230 1997 1276 generatio

329 1291 390 1325 est
415 1290 470 1326 ibi
495 1299 568 1335 per
594 1300 640 1326 se
659 1300 786 1327 causa
803 1295 816 1333 11
835 1289 1116 1335 occupationis
1137 1289 1302 1326 maioris
1324 1289 1402 1326 loci
1422 1299 1447 1326 a
1466 1290 1617 1336 genito.
1655 1289 1773 1326 Unde
1792 1290 1997 1334 quantitas

328 1349 456 1385 maior
482 1349 665 1394 sequitur
691 1349 957 1385 substantiam
985 1349 1053 1384 vel
1080 1358 1175 1385 esse
1202 1348 1482 1385 substantiale.
1531 1348 1579 1384 Et
1612 1349 1691 1385 hoc
1725 1358 1808 1385 non
1835 1349 1899 1385 est
1924 1358 1998 1394 per

328 1409 479 1444 motum
505 1408 688 1451 localem,
715 1409 790 1445 sed
815 1418 891 1453 per
916 1408 1193 1444 mutationem.
1242 1407 1326 1443 Nec
1353 1408 1416 1443 est
1440 1407 1549 1443 idem
1574 1417 1744 1444 numero
1770 1408 1811 1443 in
1837 1408 1996 1444 ratione
2016 1412 2051 1437 20

328 1468 498 1509 mobilis,
538 1468 645 1513 quod
676 1467 750 1503 fuit
780 1468 886 1509 ante,
925 1466 1021 1512 quia
1046 1467 1172 1503 totum
1200 1467 1263 1503 est
1287 1467 1599 1503 transmutatum
1624 1466 1665 1502 in
1690 1467 1829 1503 totum.
1880 1466 1997 1507 Quod

329 1526 363 1562 si
389 1527 512 1569 dicas,
551 1527 659 1572 quod
692 1536 746 1563 ex
779 1527 925 1563 eadem
953 1527 1017 1562 est
1041 1526 1224 1567 materia,
1263 1526 1353 1562 dico
1390 1526 1498 1570 quod
1537 1526 1683 1562 eadem
1721 1526 1784 1561 est
1820 1525 1862 1561 in
1901 1534 1996 1562 esse

328 1586 492 1631 generis
518 1586 674 1622 remoti.
723 1586 807 1622 Nec
834 1585 956 1621 etiam
983 1586 1077 1621 sunt
1104 1585 1277 1621 eaedem
1304 1584 1597 1626 dimensiones,
1624 1594 1729 1630 quae
1752 1586 1848 1621 ante
1869 1585 1996 1625 erant,

329 1645 513 1689 quamvis
540 1653 703 1690 semper
728 1644 925 1681 manserit
951 1644 1216 1689 corporeitas.
1266 1643 1384 1680 Unde
1411 1643 1562 1680 Avice
1574 1653 1669 1680 nna
1694 1643 1823 1688 primo
1855 1643 1996 1688 Physi-

328 1707 518 1740 corum¹z
558 1703 736 1749 „Corpus
774 1704 898 1740 habet
935 1711 1030 1739 esse
1069 1712 1216 1748 corpus
1256 1702 1530 1745 constitutum,
1569 1702 1754 1747 quamvis
1792 1702 1998 1738 mutentur
2016 1711 2050 1737 25

330 1763 607 1799 extensiones.
658 1762 828 1804 Quando
851 1762 958 1798 enim
980 1762 1248 1807 corrumpitur
1267 1761 1409 1807 figura,
1436 1761 1705 1806 corrumpitur
1724 1770 1996 1806 unaquaeque

328 1821 484 1858 illarum
511 1821 810 1858 dimensionum
837 1822 877 1857 et
903 1821 1128 1857 succedunt
1153 1821 1269 1862 aliae,
1298 1821 1338 1856 et
1363 1821 1500 1856 tamen
1527 1820 1665 1856 manet
1690 1829 1837 1865 corpus
1861 1819 1903 1855 in
1923 1829 1998 1856 sua

329 1880 635 1926 corporeitate.“

468 1940 522 1976 12.
556 1939 618 1976 Ad
654 1939 937 1975 duodecimum
973 1938 1190 1974 dicendum
1225 1938 1334 1983 quod
1371 1938 1558 1974 movetur
1594 1937 1762 1982 propter
1797 1936 1997 1973 finitatem

328 1999 486 2035 virtutis
514 2000 555 2035 et
580 1999 732 2035 certam
758 1998 1065 2043 proportionem
1092 1998 1143 2033 ad
1169 1998 1308 2042 partes
1336 1997 1466 2042 spatii,
1493 1997 1533 2032 in
1561 2006 1640 2041 quo
1669 1997 1730 2032 est
1755 1996 1900 2032 motus.
1950 1995 1997 2031 Et
2016 2005 2050 2030 30

329 2057 369 2093 in
394 2059 635 2103 argumento
657 2058 720 2093 est
739 2056 900 2093 fallacia
921 2056 1225 2101 consequentis.
1271 2056 1312 2092 Si
1333 2055 1442 2092 enim
1462 2055 1684 2100 accipiatur
1705 2054 1827 2100 dupla
1846 2055 1997 2099 magni-

329 2117 425 2152 tudo
452 2116 503 2152 ad
529 2116 649 2153 aliam
674 2116 884 2157 minorem,
923 2125 1029 2160 quae
1069 2115 1119 2151 sit
1158 2115 1279 2160 duplo
1316 2114 1485 2151 densior
1519 2114 1673 2150 maiore
1708 2113 1996 2159 magnitudine,

329 2175 445 2211 aliter
470 2176 621 2211 motum
647 2184 721 2220 per
746 2175 959 2219 utramque
986 2183 1120 2218 aeque
1141 2174 1219 2210 cito
1240 2173 1429 2210 transibit
1449 2174 1645 2209 maiorem
1665 2171 1996 2218 magnitudinem,

330 2243 434 2279 quae
471 2234 591 2279 duplo
626 2234 756 2270 rarior
792 2234 864 2275 est,
904 2232 1008 2268 sicut
1042 2232 1174 2268 minor
1212 2233 1276 2268 est
1313 2241 1418 2277 quae
1444 2232 1566 2277 duplo
1594 2231 1762 2267 densior
1788 2231 1860 2267 est.
1910 2230 1997 2267 Hoc

330 2293 437 2329 enim
463 2302 605 2329 verum
631 2293 695 2329 est
720 2301 774 2328 ex
800 2301 925 2328 causa
950 2292 1096 2335 motus,
1127 2300 1232 2336 quae
1260 2292 1323 2327 est
1348 2290 1584 2327 resistentia
1617 2289 1751 2326 medii.
1801 2288 1880 2325 Sed
1912 2299 1996 2325 non
2015 2302 2049 2328 35

330 2352 394 2388 est
419 2361 559 2387 verum
586 2361 639 2388 ex
665 2360 791 2388 causa
816 2351 961 2391 motus,
988 2359 1093 2395 quae
1120 2350 1184 2386 est
1208 2349 1418 2395 proportio
1439 2349 1598 2385 mobilis
1619 2348 1671 2385 ad
1690 2348 1995 2393 proportionem

331 2410 461 2455 spatii.
509 2409 556 2445 Et
580 2410 674 2446 ideo
706 2409 937 2455 arguendo:
978 2408 1098 2452 „Cum
1136 2408 1280 2444 transit
1318 2408 1370 2445 ad
1407 2408 1570 2450 mobile,
1608 2407 1716 2453 quod
1753 2416 1833 2443 non
1872 2407 1996 2443 habet

329 2468 616 2509 resistentiam,
636 2468 760 2504 habet
780 2468 917 2503 tamen
937 2467 1278 2512 proportionem“,
1305 2466 1451 2502 transit
1473 2467 1524 2502 ab
1545 2475 1628 2502 una
1647 2475 1773 2502 causa
1792 2465 1843 2501 ad
1863 2465 1995 2501 aliam.

470 2528 523 2563 13.
550 2527 611 2563 Ad
638 2527 837 2563 decimum
864 2525 1025 2562 tertium
1052 2525 1278 2567 dicendum,
1305 2526 1348 2561 ut
1372 2526 1523 2561 tactum
1550 2526 1647 2567 est2‚
1675 2524 1769 2569 quia
1793 2524 1888 2560 licet
1913 2533 1995 2560 non

331 2586 382 2621 sit
407 2586 615 2630 proportio
642 2585 851 2622 essentiae
878 2585 929 2620 ad
966 2584 1190 2620 essentiam
1225 2584 1265 2620 in
1301 2593 1467 2630 genere,
1506 2583 1546 2619 in
1582 2584 1776 2628 quantum
1813 2592 1895 2619 una
1933 2584 1996 2619 est
2013 2596 2048 2621 40

331 2644 549 2689 spiritualis
577 2645 617 2680 et
642 2644 722 2680 alia
747 2643 982 2688 corporalis,
1024 2644 1088 2679 est
1112 2644 1249 2679 tamen
1276 2643 1485 2688 proportio
1512 2642 1631 2678 unius
1658 2642 1710 2678 ad
1736 2641 1916 2683 alteram,
1954 2641 1994 2676 in

330 2704 522 2750 quantum
550 2704 721 2747 utraque
749 2703 812 2737 est
837 2701 1063 2737 communis
1090 2701 1130 2737 in
1156 2711 1311 2747 genere
1337 2701 1453 2737 finita
1480 2702 1520 2736 et
1542 2701 1722 2741 limitata,
1749 2701 1789 2735 et
1808 2709 1881 2745 per
1902 2710 1995 2735 con-

330 2772 508 2807 sequens
536 2768 600 2798 est
625 2760 874 2806 comparatio
902 2760 1196 2805 operationum.

470 2822 522 2856 14.
548 2820 595 2855 Et
620 2819 679 2855 sic
705 2820 818 2864 patet
842 2819 894 2855 ad
920 2819 1120 2855 decimum
1147 2820 1344 2863 quartum.

468 2936 487 2967 6
514 2933 683 2973 Allidunt]
711 2933 823 2966 allidit
920 2933 960 2965 12
987 2932 1088 2971 casu]
1117 2942 1229 2965 causa

468 3040 479 3062 1
506 3041 557 3074 De
583 3041 692 3073 Caelo
719 3041 751 3072 et
777 3038 920 3071 Mundo
946 3039 969 3070 I.
1112 3037 1126 3059 2
1152 3039 1267 3078 Supra
1294 3048 1327 3078 p.
1357 3039 1420 3070 137
1448 3039 1477 3070 A
1507 3039 1557 3070 14.
