<?xml version="1.0" encoding="UTF-8"?>
<!DOCTYPE html PUBLIC "-//W3C//DTD XHTML 1.0 Transitional//EN"
    "http://www.w3.org/TR/xhtml1/DTD/xhtml1-transitional.dtd">
<html xmlns="http://www.w3.org/1999/xhtml" xml:lang="en" lang="en">
 <head>
  <title>
</title>
<meta http-equiv="Content-Type" content="text/html;charset=utf-8" />
  <meta name='ocr-system' content='tesseract 3.04.00' />
  <meta name='ocr-capabilities' content='ocr_page ocr_carea ocr_par ocr_line ocrx_word'/>
</head>
<body>
  <div class='ocr_page' id='page_1' title='image "./johannispechamiq00peck/johannispechamiq00peck_0169.png"; bbox 0 0 2095 3459; ppageno 0'>
   <div class='ocr_carea' id='block_1_1' title="bbox 741 198 1789 236">
    <p class='ocr_par' dir='ltr' id='par_1_1' title="bbox 741 198 1789 236">
     <span class='ocr_line' id='line_1_1' title="bbox 741 198 1789 236; baseline 0.004 -5"><span class='ocrx_word' id='word_1_1' title='bbox 741 198 912 236; x_wconf 81' lang='lat' dir='ltr'>Quaestio</span> <span class='ocrx_word' id='word_1_2' title='bbox 940 200 999 232; x_wconf 75' lang='lat' dir='ltr'>XV</span> <span class='ocrx_word' id='word_1_3' title='bbox 1021 202 1055 233; x_wconf 73' lang='lat' dir='ltr'>rt</span> <span class='ocrx_word' id='word_1_4' title='bbox 1077 201 1161 234; x_wconf 76' lang='lat' dir='ltr'>XIV.</span> <span class='ocrx_word' id='word_1_5' title='bbox 1725 201 1789 235; x_wconf 79' lang='lat'>125</span> 
     </span>
    </p>
   </div>
   <div class='ocr_carea' id='block_1_2' title="bbox 861 314 1039 352">
    <p class='ocr_par' dir='ltr' id='par_1_2' title="bbox 861 314 1039 352">
     <span class='ocr_line' id='line_1_2' title="bbox 861 314 1039 352; baseline 0 -1"><span class='ocrx_word' id='word_1_6' title='bbox 861 314 1039 352; x_wconf 82' lang='lat' dir='ltr'><strong>Contra.</strong></span> 
     </span>
    </p>
   </div>
   <div class='ocr_carea' id='block_1_3' title="bbox 117 389 1788 493">
    <p class='ocr_par' dir='ltr' id='par_1_3' title="bbox 117 389 1788 493">
     <span class='ocr_line' id='line_1_3' title="bbox 257 389 1788 439; baseline 0.003 -14"><span class='ocrx_word' id='word_1_7' title='bbox 257 391 287 425; x_wconf 93' lang='lat'>1.</span> <span class='ocrx_word' id='word_1_8' title='bbox 323 389 412 426; x_wconf 92' lang='lat' dir='ltr'>Duo</span> <span class='ocrx_word' id='word_1_9' title='bbox 452 400 533 427; x_wconf 92' lang='lat' dir='ltr'>non</span> <span class='ocrx_word' id='word_1_10' title='bbox 573 391 754 436; x_wconf 89' lang='lat' dir='ltr'>gloriosa</span> <span class='ocrx_word' id='word_1_11' title='bbox 792 402 874 428; x_wconf 89' lang='lat' dir='ltr'>non</span> <span class='ocrx_word' id='word_1_12' title='bbox 914 395 1085 437; x_wconf 85' lang='lat' dir='ltr'>possunt</span> <span class='ocrx_word' id='word_1_13' title='bbox 1125 403 1219 429; x_wconf 84' lang='lat' dir='ltr'>esse</span> <span class='ocrx_word' id='word_1_14' title='bbox 1260 394 1386 429; x_wconf 88' lang='lat' dir='ltr'>simul.</span> <span class='ocrx_word' id='word_1_15' title='bbox 1449 393 1552 439; x_wconf 89' lang='lat' dir='ltr'>Ergo</span> <span class='ocrx_word' id='word_1_16' title='bbox 1595 404 1672 430; x_wconf 89' lang='lat' dir='ltr'>nec</span> <span class='ocrx_word' id='word_1_17' title='bbox 1711 394 1788 430; x_wconf 89' lang='lat' dir='ltr'>duo</span> 
     </span>
     <span class='ocr_line' id='line_1_4' title="bbox 117 448 308 493; baseline 0.01 -10"><span class='ocrx_word' id='word_1_18' title='bbox 117 448 308 493; x_wconf 82' lang='lat' dir='ltr'>gloriosa.</span> 
     </span>
    </p>
   </div>
   <div class='ocr_carea' id='block_1_4' title="bbox 63 508 1791 613">
    <p class='ocr_par' dir='ltr' id='par_1_4' title="bbox 63 508 1791 613">
     <span class='ocr_line' id='line_1_5' title="bbox 257 508 1791 556; baseline 0.003 -12"><span class='ocrx_word' id='word_1_19' title='bbox 257 512 287 544; x_wconf 83' lang='lat'>2.</span> <span class='ocrx_word' id='word_1_20' title='bbox 324 508 423 545; x_wconf 87' lang='lat' dir='ltr'><strong>Item</strong></span> <span class='ocrx_word' id='word_1_21' title='bbox 461 509 539 545; x_wconf 90' lang='lat' dir='ltr'>duo</span> <span class='ocrx_word' id='word_1_22' title='bbox 576 510 711 555; x_wconf 84' lang='lat' dir='ltr'>angeli</span> <span class='ocrx_word' id='word_1_23' title='bbox 745 520 825 546; x_wconf 87' lang='lat' dir='ltr'>non</span> <span class='ocrx_word' id='word_1_24' title='bbox 860 513 1033 555; x_wconf 84' lang='lat' dir='ltr'>possunt</span> <span class='ocrx_word' id='word_1_25' title='bbox 1061 521 1157 547; x_wconf 84' lang='lat' dir='ltr'>esse</span> <span class='ocrx_word' id='word_1_26' title='bbox 1185 511 1312 547; x_wconf 91' lang='lat' dir='ltr'>simul.</span> <span class='ocrx_word' id='word_1_27' title='bbox 1362 512 1466 556; x_wconf 79' lang='lat' dir='ltr'>Ergo</span> <span class='ocrx_word' id='word_1_28' title='bbox 1495 522 1571 548; x_wconf 89' lang='lat' dir='ltr'>nec</span> <span class='ocrx_word' id='word_1_29' title='bbox 1598 513 1677 548; x_wconf 88' lang='lat' dir='ltr'>duo</span> <span class='ocrx_word' id='word_1_30' title='bbox 1705 522 1791 548; x_wconf 89' lang='lat' dir='ltr'>cor-</span> 
     </span>
     <span class='ocr_line' id='line_1_6' title="bbox 63 568 435 613; baseline -0.005 -8"><span class='ocrx_word' id='word_1_31' title='bbox 63 581 79 605; x_wconf 74' lang='lat'>5</span> <span class='ocrx_word' id='word_1_32' title='bbox 118 577 218 612; x_wconf 89' lang='lat' dir='ltr'>pora</span> <span class='ocrx_word' id='word_1_33' title='bbox 244 568 435 613; x_wconf 80' lang='lat' dir='ltr'>gloriosa.</span> 
     </span>
    </p>
   </div>
   <div class='ocr_carea' id='block_1_5' title="bbox 116 627 1790 733">
    <p class='ocr_par' dir='ltr' id='par_1_5' title="bbox 116 627 1790 733">
     <span class='ocr_line' id='line_1_7' title="bbox 255 627 1790 675; baseline 0.002 -12"><span class='ocrx_word' id='word_1_34' title='bbox 255 628 287 663; x_wconf 89' lang='lat'>3.</span> <span class='ocrx_word' id='word_1_35' title='bbox 323 627 423 664; x_wconf 85' lang='lat' dir='ltr'>Item</span> <span class='ocrx_word' id='word_1_36' title='bbox 459 628 492 664; x_wconf 93' lang='lat' dir='ltr'>si</span> <span class='ocrx_word' id='word_1_37' title='bbox 528 628 607 664; x_wconf 92' lang='lat' dir='ltr'>duo</span> <span class='ocrx_word' id='word_1_38' title='bbox 645 629 831 665; x_wconf 84' lang='lat' dir='ltr'>homines</span> <span class='ocrx_word' id='word_1_39' title='bbox 866 629 1035 675; x_wconf 85' lang='lat' dir='ltr'>gloriosi</span> <span class='ocrx_word' id='word_1_40' title='bbox 1072 631 1213 666; x_wconf 82' lang='lat' dir='ltr'>essent</span> <span class='ocrx_word' id='word_1_41' title='bbox 1249 630 1377 671; x_wconf 89' lang='lat' dir='ltr'>simul,</span> <span class='ocrx_word' id='word_1_42' title='bbox 1417 631 1558 666; x_wconf 87' lang='lat' dir='ltr'>essent</span> <span class='ocrx_word' id='word_1_43' title='bbox 1592 630 1712 666; x_wconf 89' lang='lat' dir='ltr'>etiam</span> <span class='ocrx_word' id='word_1_44' title='bbox 1750 632 1790 666; x_wconf 90' lang='lat' dir='ltr'>et</span> 
     </span>
     <span class='ocr_line' id='line_1_8' title="bbox 116 686 953 733; baseline 0.002 -11"><span class='ocrx_word' id='word_1_45' title='bbox 116 686 278 723; x_wconf 87' lang='lat' dir='ltr'>animae</span> <span class='ocrx_word' id='word_1_46' title='bbox 306 687 435 730; x_wconf 91' lang='lat' dir='ltr'>simul,</span> <span class='ocrx_word' id='word_1_47' title='bbox 463 688 572 733; x_wconf 89' lang='lat' dir='ltr'>quod</span> <span class='ocrx_word' id='word_1_48' title='bbox 600 690 663 724; x_wconf 89' lang='lat' dir='ltr'>est</span> <span class='ocrx_word' id='word_1_49' title='bbox 688 688 953 733; x_wconf 89' lang='lat' dir='ltr'>impossibile.</span> 
     </span>
    </p>
   </div>
   <div class='ocr_carea' id='block_1_6' title="bbox 331 770 1575 817">
    <p class='ocr_par' dir='ltr' id='par_1_6' title="bbox 331 770 1575 817">
     <span class='ocr_line' id='line_1_9' title="bbox 331 770 1575 817; baseline 0.001 -10"><span class='ocrx_word' id='word_1_50' title='bbox 331 770 588 816; x_wconf 84' lang='lat' dir='ltr'>Responsio</span> <span class='ocrx_word' id='word_1_51' title='bbox 615 771 699 813; x_wconf 89' lang='lat' dir='ltr'>&lt;ad</span> <span class='ocrx_word' id='word_1_52' title='bbox 726 771 1044 815; x_wconf 90' lang='lat' dir='ltr'>quaestionem</span> <span class='ocrx_word' id='word_1_53' title='bbox 1073 772 1301 808; x_wconf 80' lang='lat' dir='ltr'>decimam</span> <span class='ocrx_word' id='word_1_54' title='bbox 1328 774 1575 817; x_wconf 83' lang='lat' dir='ltr'>quartam&gt;.</span> 
     </span>
    </p>
   </div>
   <div class='ocr_carea' id='block_1_7' title="bbox 64 846 1800 2545">
    <p class='ocr_par' dir='ltr' id='par_1_7' title="bbox 64 846 1800 2545">
     <span class='ocr_line' id='line_1_10' title="bbox 256 846 1791 894; baseline 0.001 -11"><span class='ocrx_word' id='word_1_55' title='bbox 256 846 356 883; x_wconf 86' lang='lat' dir='ltr'>Dico</span> <span class='ocrx_word' id='word_1_56' title='bbox 393 849 500 893; x_wconf 91' lang='lat' dir='ltr'>quod</span> <span class='ocrx_word' id='word_1_57' title='bbox 538 857 685 894; x_wconf 88' lang='lat' dir='ltr'>corpus</span> <span class='ocrx_word' id='word_1_58' title='bbox 721 848 944 894; x_wconf 90' lang='lat' dir='ltr'>gloriosum</span> <span class='ocrx_word' id='word_1_59' title='bbox 980 858 1033 884; x_wconf 90' lang='lat' dir='ltr'>ex</span> <span class='ocrx_word' id='word_1_60' title='bbox 1065 849 1106 884; x_wconf 91' lang='lat' dir='ltr'>vi</span> <span class='ocrx_word' id='word_1_61' title='bbox 1141 848 1246 885; x_wconf 87' lang='lat' dir='ltr'>dotis</span> <span class='ocrx_word' id='word_1_62' title='bbox 1275 848 1505 885; x_wconf 83' lang='lat' dir='ltr'>subtilitatis</span> <span class='ocrx_word' id='word_1_63' title='bbox 1533 849 1671 894; x_wconf 90' lang='lat' dir='ltr'>potest</span> <span class='ocrx_word' id='word_1_64' title='bbox 1697 857 1791 884; x_wconf 90' lang='lat' dir='ltr'>esse</span> 
     </span>
     <span class='ocr_line' id='line_1_11' title="bbox 67 905 1791 956; baseline 0.001 -14"><span class='ocrx_word' id='word_1_65' title='bbox 67 917 98 942; x_wconf 75' lang='grc' dir='ltr'>ιω</span> <span class='ocrx_word' id='word_1_66' title='bbox 119 905 236 942; x_wconf 92' lang='lat' dir='ltr'>simul</span> <span class='ocrx_word' id='word_1_67' title='bbox 263 906 354 943; x_wconf 92' lang='lat' dir='ltr'>loco</span> <span class='ocrx_word' id='word_1_68' title='bbox 382 916 473 943; x_wconf 93' lang='lat' dir='ltr'>cum</span> <span class='ocrx_word' id='word_1_69' title='bbox 499 917 583 943; x_wconf 91' lang='lat' dir='ltr'>non</span> <span class='ocrx_word' id='word_1_70' title='bbox 609 907 802 953; x_wconf 76' lang='lat' dir='ltr'>glorIoso.</span> <span class='ocrx_word' id='word_1_71' title='bbox 852 907 915 943; x_wconf 90' lang='lat' dir='ltr'>Ad</span> <span class='ocrx_word' id='word_1_72' title='bbox 942 907 1056 944; x_wconf 91' lang='lat' dir='ltr'>cuius</span> <span class='ocrx_word' id='word_1_73' title='bbox 1083 907 1392 956; x_wconf 84' lang='lat' dir='ltr'>intelligentiam</span> <span class='ocrx_word' id='word_1_74' title='bbox 1420 908 1654 949; x_wconf 89' lang='lat' dir='ltr'>notandum,</span> <span class='ocrx_word' id='word_1_75' title='bbox 1685 908 1791 952; x_wconf 90' lang='lat' dir='ltr'>quod</span> 
     </span>
     <span class='ocr_line' id='line_1_12' title="bbox 118 966 1792 1013; baseline 0.001 -12"><span class='ocrx_word' id='word_1_76' title='bbox 118 974 266 1010; x_wconf 88' lang='lat' dir='ltr'>corpus</span> <span class='ocrx_word' id='word_1_77' title='bbox 293 966 530 1012; x_wconf 89' lang='lat' dir='ltr'>gloriosum,</span> <span class='ocrx_word' id='word_1_78' title='bbox 570 966 679 1011; x_wconf 93' lang='lat' dir='ltr'>quod</span> <span class='ocrx_word' id='word_1_79' title='bbox 705 976 814 1002; x_wconf 90' lang='lat' dir='ltr'>nunc</span> <span class='ocrx_word' id='word_1_80' title='bbox 842 967 905 1002; x_wconf 87' lang='lat' dir='ltr'>est</span> <span class='ocrx_word' id='word_1_81' title='bbox 939 966 1127 1006; x_wconf 88' lang='lat' dir='ltr'>animale,</span> <span class='ocrx_word' id='word_1_82' title='bbox 1167 966 1262 1013; x_wconf 91' lang='lat' dir='ltr'>quia</span> <span class='ocrx_word' id='word_1_83' title='bbox 1299 967 1514 1012; x_wconf 81' lang='lat' dir='ltr'>vegetatur</span> <span class='ocrx_word' id='word_1_84' title='bbox 1551 966 1591 1002; x_wconf 91' lang='lat' dir='ltr'>in</span> <span class='ocrx_word' id='word_1_85' title='bbox 1630 967 1792 1002; x_wconf 90' lang='lat' dir='ltr'>modum</span> 
     </span>
     <span class='ocr_line' id='line_1_13' title="bbox 118 1025 1794 1071; baseline -0.001 -10"><span class='ocrx_word' id='word_1_86' title='bbox 118 1034 333 1070; x_wconf 89' lang='lat' dir='ltr'>corporum</span> <span class='ocrx_word' id='word_1_87' title='bbox 362 1026 593 1061; x_wconf 87' lang='lat' dir='ltr'>ceterorum</span> <span class='ocrx_word' id='word_1_88' title='bbox 619 1025 865 1067; x_wconf 81' lang='lat' dir='ltr'>animalium,</span> <span class='ocrx_word' id='word_1_89' title='bbox 900 1026 997 1061; x_wconf 91' lang='lat' dir='ltr'>tunc</span> <span class='ocrx_word' id='word_1_90' title='bbox 1025 1025 1100 1061; x_wconf 89' lang='lat' dir='ltr'>erit</span> <span class='ocrx_word' id='word_1_91' title='bbox 1127 1025 1351 1070; x_wconf 88' lang='lat' dir='ltr'>spirituale;</span> <span class='ocrx_word' id='word_1_92' title='bbox 1388 1036 1470 1061; x_wconf 90' lang='lat' dir='ltr'>non</span> <span class='ocrx_word' id='word_1_93' title='bbox 1498 1026 1592 1071; x_wconf 92' lang='lat' dir='ltr'>quia</span> <span class='ocrx_word' id='word_1_94' title='bbox 1618 1027 1794 1062; x_wconf 89' lang='lat' dir='ltr'>mutetur</span> 
     </span>
     <span class='ocr_line' id='line_1_14' title="bbox 117 1083 1794 1130; baseline 0.001 -11"><span class='ocrx_word' id='word_1_95' title='bbox 117 1083 158 1120; x_wconf 91' lang='lat' dir='ltr'>in</span> <span class='ocrx_word' id='word_1_96' title='bbox 186 1084 380 1129; x_wconf 89' lang='lat' dir='ltr'>spiritum,</span> <span class='ocrx_word' id='word_1_97' title='bbox 408 1085 482 1121; x_wconf 91' lang='lat' dir='ltr'>sed</span> <span class='ocrx_word' id='word_1_98' title='bbox 510 1085 605 1129; x_wconf 90' lang='lat' dir='ltr'>quia</span> <span class='ocrx_word' id='word_1_99' title='bbox 631 1084 789 1129; x_wconf 89' lang='lat' dir='ltr'>spiritui</span> <span class='ocrx_word' id='word_1_100' title='bbox 816 1084 892 1121; x_wconf 89' lang='lat' dir='ltr'>erit</span> <span class='ocrx_word' id='word_1_101' title='bbox 919 1084 1152 1121; x_wconf 85' lang='lat' dir='ltr'>omnimode</span> <span class='ocrx_word' id='word_1_102' title='bbox 1181 1084 1420 1127; x_wconf 91' lang='lat' dir='ltr'>subiectum,</span> <span class='ocrx_word' id='word_1_103' title='bbox 1451 1086 1490 1121; x_wconf 91' lang='lat' dir='ltr'>et</span> <span class='ocrx_word' id='word_1_104' title='bbox 1516 1085 1611 1130; x_wconf 88' lang='lat' dir='ltr'>quia</span> <span class='ocrx_word' id='word_1_105' title='bbox 1636 1084 1794 1130; x_wconf 89' lang='lat' dir='ltr'>partici-</span> 
     </span>
     <span class='ocr_line' id='line_1_15' title="bbox 118 1142 1794 1189; baseline 0 -10"><span class='ocrx_word' id='word_1_106' title='bbox 118 1143 231 1188; x_wconf 91' lang='lat' dir='ltr'>pabit</span> <span class='ocrx_word' id='word_1_107' title='bbox 256 1145 443 1179; x_wconf 89' lang='lat' dir='ltr'>naturam</span> <span class='ocrx_word' id='word_1_108' title='bbox 471 1143 683 1189; x_wconf 87' lang='lat' dir='ltr'>spirituum</span> <span class='ocrx_word' id='word_1_109' title='bbox 718 1153 792 1179; x_wconf 88' lang='lat' dir='ltr'>suo</span> <span class='ocrx_word' id='word_1_110' title='bbox 826 1143 959 1179; x_wconf 90' lang='lat' dir='ltr'>modo.</span> <span class='ocrx_word' id='word_1_111' title='bbox 1010 1142 1128 1179; x_wconf 88' lang='lat' dir='ltr'>Unde</span> <span class='ocrx_word' id='word_1_112' title='bbox 1155 1143 1227 1185; x_wconf 85' lang='lat' dir='ltr'>&lt;I.&gt;</span> <span class='ocrx_word' id='word_1_113' title='bbox 1249 1143 1338 1179; x_wconf 74' lang='lat' dir='ltr'>Cor.</span> <span class='ocrx_word' id='word_1_114' title='bbox 1367 1145 1420 1185; x_wconf 87' lang='grc'>15,</span> <span class='ocrx_word' id='word_1_115' title='bbox 1440 1145 1495 1179; x_wconf 88' lang='grc'>44.</span> <span class='ocrx_word' id='word_1_116' title='bbox 1541 1144 1794 1187; x_wconf 88' lang='lat' dir='ltr'>„Seminatur</span> 
     </span>
     <span class='ocr_line' id='line_1_16' title="bbox 68 1202 1793 1249; baseline 0.001 -12"><span class='ocrx_word' id='word_1_117' title='bbox 68 1213 99 1237; x_wconf 82' lang='lat'>15</span> <span class='ocrx_word' id='word_1_118' title='bbox 119 1212 268 1247; x_wconf 90' lang='lat' dir='ltr'>corpus</span> <span class='ocrx_word' id='word_1_119' title='bbox 295 1202 485 1244; x_wconf 83' lang='lat' dir='ltr'>animale,</span> <span class='ocrx_word' id='word_1_120' title='bbox 513 1204 653 1248; x_wconf 85' lang='lat' dir='ltr'>surget</span> <span class='ocrx_word' id='word_1_121' title='bbox 680 1202 924 1247; x_wconf 85' lang='lat' dir='ltr'>spirituale.“</span> <span class='ocrx_word' id='word_1_122' title='bbox 977 1202 1168 1238; x_wconf 75' lang='lat' dir='ltr'>Glossalt</span> <span class='ocrx_word' id='word_1_123' title='bbox 1209 1202 1282 1246; x_wconf 87' lang='lat' dir='ltr'>„Ut</span> <span class='ocrx_word' id='word_1_124' title='bbox 1318 1202 1398 1238; x_wconf 88' lang='lat' dir='ltr'>iam</span> <span class='ocrx_word' id='word_1_125' title='bbox 1433 1203 1523 1239; x_wconf 85' lang='lat' dir='ltr'>cibo</span> <span class='ocrx_word' id='word_1_126' title='bbox 1551 1213 1634 1239; x_wconf 91' lang='lat' dir='ltr'>non</span> <span class='ocrx_word' id='word_1_127' title='bbox 1661 1204 1793 1249; x_wconf 86' lang='lat' dir='ltr'>egeat,</span> 
     </span>
     <span class='ocr_line' id='line_1_17' title="bbox 117 1261 1796 1307; baseline 0.001 -10"><span class='ocrx_word' id='word_1_128' title='bbox 117 1261 325 1297; x_wconf 88' lang='lat' dir='ltr'>transiens</span> <span class='ocrx_word' id='word_1_129' title='bbox 346 1261 389 1297; x_wconf 92' lang='lat' dir='ltr'>in</span> <span class='ocrx_word' id='word_1_130' title='bbox 409 1262 596 1298; x_wconf 89' lang='lat' dir='ltr'>naturam</span> <span class='ocrx_word' id='word_1_131' title='bbox 617 1261 816 1306; x_wconf 89' lang='lat' dir='ltr'>spiritus,“</span> <span class='ocrx_word' id='word_1_132' title='bbox 843 1261 866 1297; x_wconf 92' lang='lat' dir='ltr'>i.</span> <span class='ocrx_word' id='word_1_133' title='bbox 883 1271 915 1297; x_wconf 93' lang='lat' dir='ltr'>e.</span> <span class='ocrx_word' id='word_1_134' title='bbox 932 1262 1089 1297; x_wconf 89' lang='lat' dir='ltr'>habens</span> <span class='ocrx_word' id='word_1_135' title='bbox 1111 1262 1313 1306; x_wconf 89' lang='lat' dir='ltr'>quaedam</span> <span class='ocrx_word' id='word_1_136' title='bbox 1335 1261 1558 1306; x_wconf 87' lang='lat' dir='ltr'>spiritualia</span> <span class='ocrx_word' id='word_1_137' title='bbox 1578 1263 1618 1298; x_wconf 90' lang='lat' dir='ltr'>et</span> <span class='ocrx_word' id='word_1_138' title='bbox 1639 1262 1796 1307; x_wconf 90' lang='lat' dir='ltr'>spiritui</span> 
     </span>
     <span class='ocr_line' id='line_1_18' title="bbox 119 1320 1796 1366; baseline 0 -10"><span class='ocrx_word' id='word_1_139' title='bbox 119 1320 330 1357; x_wconf 90' lang='lat' dir='ltr'>naturalia.</span> <span class='ocrx_word' id='word_1_140' title='bbox 365 1320 595 1357; x_wconf 90' lang='lat' dir='ltr'>Secundum</span> <span class='ocrx_word' id='word_1_141' title='bbox 616 1320 957 1366; x_wconf 88' lang='lat' dir='ltr'>Augustinum‚</span> <span class='ocrx_word' id='word_1_142' title='bbox 985 1321 1043 1356; x_wconf 79' lang='lat' dir='ltr'>De</span> <span class='ocrx_word' id='word_1_143' title='bbox 1071 1320 1246 1357; x_wconf 68' lang='lat' dir='ltr'>Ciuitate</span> <span class='ocrx_word' id='word_1_144' title='bbox 1274 1320 1369 1362; x_wconf 84' lang='lat' dir='ltr'>XIII,</span> <span class='ocrx_word' id='word_1_145' title='bbox 1398 1330 1483 1366; x_wconf 91' lang='lat' dir='ltr'>cap.</span> <span class='ocrx_word' id='word_1_146' title='bbox 1508 1322 1578 1357; x_wconf 79' lang='lat'>222</span> <span class='ocrx_word' id='word_1_147' title='bbox 1599 1331 1681 1357; x_wconf 92' lang='lat' dir='ltr'>non</span> <span class='ocrx_word' id='word_1_148' title='bbox 1702 1321 1796 1366; x_wconf 92' lang='lat' dir='ltr'>quia</span> 
     </span>
     <span class='ocr_line' id='line_1_19' title="bbox 119 1379 1796 1425; baseline 0.001 -9"><span class='ocrx_word' id='word_1_149' title='bbox 119 1389 295 1425; x_wconf 90' lang='lat' dir='ltr'>corpora</span> <span class='ocrx_word' id='word_1_150' title='bbox 321 1380 488 1416; x_wconf 92' lang='lat' dir='ltr'>omnino</span> <span class='ocrx_word' id='word_1_151' title='bbox 528 1379 740 1422; x_wconf 87' lang='lat' dir='ltr'>desistant,</span> <span class='ocrx_word' id='word_1_152' title='bbox 779 1380 853 1416; x_wconf 90' lang='lat' dir='ltr'>sed</span> <span class='ocrx_word' id='word_1_153' title='bbox 893 1380 987 1425; x_wconf 91' lang='lat' dir='ltr'>quia</span> <span class='ocrx_word' id='word_1_154' title='bbox 1026 1380 1182 1425; x_wconf 90' lang='lat' dir='ltr'>spiritui</span> <span class='ocrx_word' id='word_1_155' title='bbox 1220 1380 1426 1416; x_wconf 80' lang='lat' dir='ltr'>vivificata</span> <span class='ocrx_word' id='word_1_156' title='bbox 1464 1380 1700 1417; x_wconf 87' lang='lat' dir='ltr'>subsistent.</span> <span class='ocrx_word' id='word_1_157' title='bbox 1747 1380 1796 1416; x_wconf 92' lang='lat' dir='ltr'>Et</span> 
     </span>
     <span class='ocr_line' id='line_1_20' title="bbox 120 1438 1794 1484; baseline 0.001 -9"><span class='ocrx_word' id='word_1_158' title='bbox 120 1439 264 1475; x_wconf 80' lang='lat' dir='ltr'>eodem</span> <span class='ocrx_word' id='word_1_159' title='bbox 289 1448 437 1484; x_wconf 73' lang='lat' dir='ltr'>supra,</span> <span class='ocrx_word' id='word_1_160' title='bbox 469 1439 645 1484; x_wconf 87' lang='lat' dir='ltr'>capitulo</span> <span class='ocrx_word' id='word_1_161' title='bbox 672 1439 760 1475; x_wconf 79' lang='lat'>203:</span> <span class='ocrx_word' id='word_1_162' title='bbox 801 1438 927 1483; x_wconf 87' lang='lat' dir='ltr'>„Quia</span> <span class='ocrx_word' id='word_1_163' title='bbox 965 1439 1123 1484; x_wconf 89' lang='lat' dir='ltr'>spiritui</span> <span class='ocrx_word' id='word_1_164' title='bbox 1161 1448 1318 1475; x_wconf 90' lang='lat' dir='ltr'>summa</span> <span class='ocrx_word' id='word_1_165' title='bbox 1357 1440 1397 1475; x_wconf 90' lang='lat' dir='ltr'>et</span> <span class='ocrx_word' id='word_1_166' title='bbox 1434 1439 1607 1476; x_wconf 90' lang='lat' dir='ltr'>mirabili</span> <span class='ocrx_word' id='word_1_167' title='bbox 1642 1440 1794 1476; x_wconf 90' lang='lat' dir='ltr'>obtem-</span> 
     </span>
     <span class='ocr_line' id='line_1_21' title="bbox 64 1498 1794 1550; baseline 0.001 -18"><span class='ocrx_word' id='word_1_168' title='bbox 64 1507 100 1532; x_wconf 76' lang='lat'>⁴20</span> <span class='ocrx_word' id='word_1_169' title='bbox 119 1498 292 1550; x_wconf 82' lang='lat' dir='ltr'>perandi</span> <span class='ocrx_word' id='word_1_170' title='bbox 309 1500 323 1541; x_wconf 85' lang='grc' dir='ltr'>Η</span> <span class='ocrx_word' id='word_1_171' title='bbox 340 1498 536 1535; x_wconf 77' lang='lat' dir='ltr'>facilitate</span> <span class='ocrx_word' id='word_1_172' title='bbox 563 1499 838 1541; x_wconf 89' lang='lat' dir='ltr'>subde&lt;n&gt;tur</span> <span class='ocrx_word' id='word_1_173' title='bbox 862 1508 994 1543; x_wconf 89' lang='lat' dir='ltr'>usque</span> <span class='ocrx_word' id='word_1_174' title='bbox 1015 1499 1066 1534; x_wconf 91' lang='lat' dir='ltr'>ad</span> <span class='ocrx_word' id='word_1_175' title='bbox 1087 1498 1335 1543; x_wconf 91' lang='lat' dir='ltr'>implendam</span> <span class='ocrx_word' id='word_1_176' title='bbox 1355 1499 1667 1535; x_wconf 86' lang='lat' dir='ltr'>immortalitatis</span> <span class='ocrx_word' id='word_1_177' title='bbox 1687 1499 1794 1535; x_wconf 90' lang='lat' dir='ltr'>inso-</span> 
     </span>
     <span class='ocr_line' id='line_1_22' title="bbox 118 1557 1796 1603; baseline 0.001 -10"><span class='ocrx_word' id='word_1_178' title='bbox 118 1557 252 1594; x_wconf 90' lang='lat' dir='ltr'>lubilis</span> <span class='ocrx_word' id='word_1_179' title='bbox 280 1557 600 1594; x_wconf 86' lang='lat' dir='ltr'>secretissimam</span> <span class='ocrx_word' id='word_1_180' title='bbox 628 1558 895 1599; x_wconf 83' lang='lat' dir='ltr'>voluntatem,</span> <span class='ocrx_word' id='word_1_181' title='bbox 923 1557 1034 1593; x_wconf 91' lang='lat' dir='ltr'>omni</span> <span class='ocrx_word' id='word_1_182' title='bbox 1059 1557 1248 1593; x_wconf 88' lang='lat' dir='ltr'>molestia</span> <span class='ocrx_word' id='word_1_183' title='bbox 1275 1567 1435 1599; x_wconf 89' lang='lat' dir='ltr'>sensus,</span> <span class='ocrx_word' id='word_1_184' title='bbox 1465 1558 1575 1593; x_wconf 91' lang='lat' dir='ltr'>omni</span> <span class='ocrx_word' id='word_1_185' title='bbox 1602 1557 1796 1603; x_wconf 88' lang='lat' dir='ltr'>corrupti-</span> 
     </span>
     <span class='ocr_line' id='line_1_23' title="bbox 119 1615 1795 1662; baseline 0 -10"><span class='ocrx_word' id='word_1_186' title='bbox 119 1617 274 1653; x_wconf 89' lang='lat' dir='ltr'>bilitate</span> <span class='ocrx_word' id='word_1_187' title='bbox 302 1617 343 1653; x_wconf 91' lang='lat' dir='ltr'>et</span> <span class='ocrx_word' id='word_1_188' title='bbox 368 1616 560 1653; x_wconf 85' lang='lat' dir='ltr'>tarditate</span> <span class='ocrx_word' id='word_1_189' title='bbox 587 1617 805 1653; x_wconf 87' lang='lat' dir='ltr'>detracta.“</span> <span class='ocrx_word' id='word_1_190' title='bbox 855 1616 903 1652; x_wconf 90' lang='lat' dir='ltr'>Et</span> <span class='ocrx_word' id='word_1_191' title='bbox 939 1617 1044 1653; x_wconf 91' lang='lat' dir='ltr'>haec</span> <span class='ocrx_word' id='word_1_192' title='bbox 1084 1617 1147 1652; x_wconf 88' lang='lat' dir='ltr'>est</span> <span class='ocrx_word' id='word_1_193' title='bbox 1185 1616 1371 1653; x_wconf 89' lang='lat' dir='ltr'>doctrina</span> <span class='ocrx_word' id='word_1_194' title='bbox 1409 1615 1657 1662; x_wconf 88' lang='lat' dir='ltr'>Gregorii,</span> <span class='ocrx_word' id='word_1_195' title='bbox 1693 1616 1795 1652; x_wconf 92' lang='lat' dir='ltr'><em>XIV.</em></span> 
     </span>
     <span class='ocr_line' id='line_1_24' title="bbox 119 1675 1796 1721; baseline 0 -9"><span class='ocrx_word' id='word_1_196' title='bbox 119 1675 351 1712; x_wconf 76' lang='lat' dir='ltr'>Moralium</span> <span class='ocrx_word' id='word_1_197' title='bbox 380 1676 421 1711; x_wconf 89' lang='lat' dir='ltr'>in</span> <span class='ocrx_word' id='word_1_198' title='bbox 447 1675 556 1712; x_wconf 77' lang='lat' dir='ltr'>iine4</span> <span class='ocrx_word' id='word_1_199' title='bbox 582 1685 707 1721; x_wconf 92' lang='lat' dir='ltr'>super</span> <span class='ocrx_word' id='word_1_200' title='bbox 726 1676 833 1712; x_wconf 89' lang='lat' dir='ltr'>illud.</span> <span class='ocrx_word' id='word_1_201' title='bbox 875 1675 943 1719; x_wconf 89' lang='lat' dir='ltr'>„Et</span> <span class='ocrx_word' id='word_1_202' title='bbox 963 1685 1123 1712; x_wconf 89' lang='lat' dir='ltr'>rursum</span> <span class='ocrx_word' id='word_1_203' title='bbox 1145 1676 1427 1712; x_wconf 87' lang='lat' dir='ltr'>circumdabor</span> <span class='ocrx_word' id='word_1_204' title='bbox 1447 1676 1553 1720; x_wconf 92' lang='lat' dir='ltr'>pelle</span> <span class='ocrx_word' id='word_1_205' title='bbox 1575 1677 1700 1717; x_wconf 89' lang='lat' dir='ltr'>mea‚“</span> <span class='ocrx_word' id='word_1_206' title='bbox 1728 1676 1796 1712; x_wconf 88' lang='lat' dir='ltr'>ubi</span> 
     </span>
     <span class='ocr_line' id='line_1_25' title="bbox 118 1733 1795 1780; baseline 0 -10"><span class='ocrx_word' id='word_1_207' title='bbox 118 1735 246 1771; x_wconf 81' lang='lat' dir='ltr'>refert</span> <span class='ocrx_word' id='word_1_208' title='bbox 281 1744 326 1771; x_wconf 92' lang='lat' dir='ltr'>se</span> <span class='ocrx_word' id='word_1_209' title='bbox 363 1735 598 1780; x_wconf 88' lang='lat' dir='ltr'>disputasse</span> <span class='ocrx_word' id='word_1_210' title='bbox 635 1735 685 1771; x_wconf 90' lang='lat' dir='ltr'>de</span> <span class='ocrx_word' id='word_1_211' title='bbox 724 1734 803 1771; x_wconf 90' lang='lat' dir='ltr'>hoc</span> <span class='ocrx_word' id='word_1_212' title='bbox 830 1736 973 1771; x_wconf 89' lang='lat' dir='ltr'>contra</span> <span class='ocrx_word' id='word_1_213' title='bbox 998 1734 1237 1779; x_wconf 83' lang='lat' dir='ltr'>Eutychium</span> <span class='ocrx_word' id='word_1_214' title='bbox 1265 1733 1795 1779; x_wconf 86' lang='lat' dir='ltr'>Constantinopolitensem‚</span> 
     </span>
     <span class='ocr_line' id='line_1_26' title="bbox 68 1793 1796 1839; baseline -0.001 -9"><span class='ocrx_word' id='word_1_215' title='bbox 68 1802 101 1826; x_wconf 76' lang='lat'>25</span> <span class='ocrx_word' id='word_1_216' title='bbox 121 1794 188 1830; x_wconf 93' lang='lat' dir='ltr'>ubi</span> <span class='ocrx_word' id='word_1_217' title='bbox 215 1794 330 1830; x_wconf 87' lang='lat' dir='ltr'>dicit:</span> <span class='ocrx_word' id='word_1_218' title='bbox 359 1793 462 1837; x_wconf 87' lang='lat' dir='ltr'>„Erit</span> <span class='ocrx_word' id='word_1_219' title='bbox 483 1803 632 1839; x_wconf 88' lang='lat' dir='ltr'>corpus</span> <span class='ocrx_word' id='word_1_220' title='bbox 652 1795 835 1830; x_wconf 89' lang='lat' dir='ltr'>nostrum</span> <span class='ocrx_word' id='word_1_221' title='bbox 858 1794 1005 1830; x_wconf 88' lang='lat' dir='ltr'>subtile</span> <span class='ocrx_word' id='word_1_222' title='bbox 1026 1803 1100 1839; x_wconf 90' lang='lat' dir='ltr'>per</span> <span class='ocrx_word' id='word_1_223' title='bbox 1121 1793 1311 1830; x_wconf 72' lang='lat' dir='ltr'>effectum</span> <span class='ocrx_word' id='word_1_224' title='bbox 1334 1793 1552 1838; x_wconf 89' lang='lat' dir='ltr'>spiritualis</span> <span class='ocrx_word' id='word_1_225' title='bbox 1574 1793 1796 1838; x_wconf 90' lang='lat' dir='ltr'>potentiae,</span> 
     </span>
     <span class='ocr_line' id='line_1_27' title="bbox 121 1851 1799 1898; baseline -0.001 -9"><span class='ocrx_word' id='word_1_226' title='bbox 121 1853 194 1889; x_wconf 91' lang='lat' dir='ltr'>sed</span> <span class='ocrx_word' id='word_1_227' title='bbox 222 1853 426 1898; x_wconf 88' lang='lat' dir='ltr'>palpabile</span> <span class='ocrx_word' id='word_1_228' title='bbox 453 1862 527 1898; x_wconf 92' lang='lat' dir='ltr'>per</span> <span class='ocrx_word' id='word_1_229' title='bbox 552 1852 767 1889; x_wconf 89' lang='lat' dir='ltr'>veritatem</span> <span class='ocrx_word' id='word_1_230' title='bbox 795 1854 1000 1889; x_wconf 85' lang='lat' dir='ltr'>naturae.“</span> <span class='ocrx_word' id='word_1_231' title='bbox 1052 1853 1141 1888; x_wconf 90' lang='lat' dir='ltr'>Non</span> <span class='ocrx_word' id='word_1_232' title='bbox 1163 1852 1271 1889; x_wconf 91' lang='lat' dir='ltr'>enim</span> <span class='ocrx_word' id='word_1_233' title='bbox 1292 1852 1436 1888; x_wconf 89' lang='lat' dir='ltr'>dicitur</span> <span class='ocrx_word' id='word_1_234' title='bbox 1457 1852 1677 1897; x_wconf 86' lang='lat' dir='ltr'>spirituale,</span> <span class='ocrx_word' id='word_1_235' title='bbox 1704 1851 1799 1897; x_wconf 88' lang='lat' dir='ltr'>quia</span> 
     </span>
     <span class='ocr_line' id='line_1_28' title="bbox 121 1911 1797 1957; baseline -0.001 -9"><span class='ocrx_word' id='word_1_236' title='bbox 121 1914 300 1948; x_wconf 88' lang='lat' dir='ltr'>mutetur</span> <span class='ocrx_word' id='word_1_237' title='bbox 325 1912 366 1948; x_wconf 90' lang='lat' dir='ltr'>in</span> <span class='ocrx_word' id='word_1_238' title='bbox 394 1912 589 1957; x_wconf 91' lang='lat' dir='ltr'>spiritum,</span> <span class='ocrx_word' id='word_1_239' title='bbox 616 1912 638 1947; x_wconf 94' lang='lat' dir='ltr'>i.</span> <span class='ocrx_word' id='word_1_240' title='bbox 659 1921 693 1948; x_wconf 96' lang='lat' dir='ltr'>e.</span> <span class='ocrx_word' id='word_1_241' title='bbox 720 1921 871 1954; x_wconf 91' lang='lat' dir='ltr'>aerem,</span> <span class='ocrx_word' id='word_1_242' title='bbox 899 1913 941 1948; x_wconf 92' lang='lat' dir='ltr'>ut</span> <span class='ocrx_word' id='word_1_243' title='bbox 968 1912 1020 1947; x_wconf 90' lang='lat' dir='ltr'>sit</span> <span class='ocrx_word' id='word_1_244' title='bbox 1044 1921 1225 1953; x_wconf 90' lang='lat' dir='ltr'>aereum,</span> <span class='ocrx_word' id='word_1_245' title='bbox 1252 1911 1356 1947; x_wconf 89' lang='lat' dir='ltr'>sicut</span> <span class='ocrx_word' id='word_1_246' title='bbox 1383 1921 1530 1956; x_wconf 89' lang='lat' dir='ltr'>corpus</span> <span class='ocrx_word' id='word_1_247' title='bbox 1557 1911 1797 1957; x_wconf 90' lang='lat' dir='ltr'>angelicum,</span> 
     </span>
     <span class='ocr_line' id='line_1_29' title="bbox 122 1970 1798 2017; baseline -0.002 -9"><span class='ocrx_word' id='word_1_248' title='bbox 122 1971 286 2008; x_wconf 88' lang='lat' dir='ltr'>dicente</span> <span class='ocrx_word' id='word_1_249' title='bbox 308 1970 601 2017; x_wconf 75' lang='lat' dir='ltr'>Gregorio⁵z</span> <span class='ocrx_word' id='word_1_250' title='bbox 631 1971 693 2015; x_wconf 91' lang='lat' dir='ltr'>„Si</span> <span class='ocrx_word' id='word_1_251' title='bbox 713 1971 755 2007; x_wconf 92' lang='lat' dir='ltr'>in</span> <span class='ocrx_word' id='word_1_252' title='bbox 775 1980 901 2008; x_wconf 88' lang='lat' dir='ltr'>aereo</span> <span class='ocrx_word' id='word_1_253' title='bbox 926 1980 1099 2016; x_wconf 88' lang='lat' dir='ltr'>corpore</span> <span class='ocrx_word' id='word_1_254' title='bbox 1127 1980 1359 2012; x_wconf 86' lang='lat' dir='ltr'>surrexero,</span> <span class='ocrx_word' id='word_1_255' title='bbox 1386 1970 1465 2006; x_wconf 92' lang='lat' dir='ltr'>iam</span> <span class='ocrx_word' id='word_1_256' title='bbox 1493 1980 1570 2016; x_wconf 87' lang='lat' dir='ltr'>ego</span> <span class='ocrx_word' id='word_1_257' title='bbox 1597 1980 1680 2006; x_wconf 93' lang='lat' dir='ltr'>non</span> <span class='ocrx_word' id='word_1_258' title='bbox 1708 1979 1798 2015; x_wconf 83' lang='lat' dir='ltr'>ego,</span> 
     </span>
     <span class='ocr_line' id='line_1_30' title="bbox 123 2029 1796 2076; baseline -0.001 -10"><span class='ocrx_word' id='word_1_259' title='bbox 123 2030 192 2076; x_wconf 92' lang='lat' dir='ltr'>qui</span> <span class='ocrx_word' id='word_1_260' title='bbox 211 2031 418 2076; x_wconf 87' lang='lat' dir='ltr'>resurgo.“</span> <span class='ocrx_word' id='word_1_261' title='bbox 454 2029 607 2066; x_wconf 88' lang='lat' dir='ltr'>Contra</span> <span class='ocrx_word' id='word_1_262' title='bbox 624 2031 734 2072; x_wconf 88' lang='lat' dir='ltr'>&lt;est&gt;</span> <span class='ocrx_word' id='word_1_263' title='bbox 749 2030 844 2067; x_wconf 90' lang='lat' dir='ltr'>illud</span> <span class='ocrx_word' id='word_1_264' title='bbox 859 2030 882 2066; x_wconf 78' lang='lat' dir='ltr'>J</span> <span class='ocrx_word' id='word_1_265' title='bbox 892 2031 949 2066; x_wconf 87' lang='lat' dir='ltr'>ob</span> <span class='ocrx_word' id='word_1_266' title='bbox 970 2030 1069 2071; x_wconf 92' lang='lat' dir='ltr'>XIX,</span> <span class='ocrx_word' id='word_1_267' title='bbox 1084 2031 1186 2073; x_wconf 81' lang='lat'>&lt;26&gt;.</span> <span class='ocrx_word' id='word_1_268' title='bbox 1215 2029 1526 2073; x_wconf 89' lang='lat' dir='ltr'>„Circumdabor</span> <span class='ocrx_word' id='word_1_269' title='bbox 1547 2029 1653 2074; x_wconf 88' lang='lat' dir='ltr'>pelle</span> <span class='ocrx_word' id='word_1_270' title='bbox 1672 2029 1796 2064; x_wconf 82' lang='lat' dir='ltr'>mea‚“</span> 
     </span>
     <span class='ocr_line' id='line_1_31' title="bbox 71 2088 1799 2134; baseline 0.001 -12"><span class='ocrx_word' id='word_1_271' title='bbox 71 2097 106 2122; x_wconf 89' lang='lat'>30</span> <span class='ocrx_word' id='word_1_272' title='bbox 123 2089 278 2126; x_wconf 91' lang='lat' dir='ltr'>Dicitur</span> <span class='ocrx_word' id='word_1_273' title='bbox 304 2089 427 2125; x_wconf 90' lang='lat' dir='ltr'>etiam</span> <span class='ocrx_word' id='word_1_274' title='bbox 455 2089 602 2125; x_wconf 87' lang='lat' dir='ltr'>subtile</span> <span class='ocrx_word' id='word_1_275' title='bbox 629 2099 703 2134; x_wconf 90' lang='lat' dir='ltr'>per</span> <span class='ocrx_word' id='word_1_276' title='bbox 730 2089 1032 2126; x_wconf 90' lang='lat' dir='ltr'>similitudinem</span> <span class='ocrx_word' id='word_1_277' title='bbox 1059 2090 1111 2125; x_wconf 89' lang='lat' dir='ltr'>ad</span> <span class='ocrx_word' id='word_1_278' title='bbox 1138 2098 1312 2133; x_wconf 88' lang='lat' dir='ltr'>corpora</span> <span class='ocrx_word' id='word_1_279' title='bbox 1338 2088 1549 2130; x_wconf 88' lang='lat' dir='ltr'>naturalia,</span> <span class='ocrx_word' id='word_1_280' title='bbox 1576 2097 1681 2133; x_wconf 90' lang='lat' dir='ltr'>quae</span> <span class='ocrx_word' id='word_1_281' title='bbox 1708 2088 1799 2123; x_wconf 92' lang='lat' dir='ltr'>sub-</span> 
     </span>
     <span class='ocr_line' id='line_1_32' title="bbox 124 2147 1799 2194; baseline -0.002 -9"><span class='ocrx_word' id='word_1_282' title='bbox 124 2148 208 2185; x_wconf 82' lang='lat' dir='ltr'>tilia</span> <span class='ocrx_word' id='word_1_283' title='bbox 233 2148 503 2193; x_wconf 85' lang='lat' dir='ltr'>appellantur.</span> <span class='ocrx_word' id='word_1_284' title='bbox 554 2148 708 2184; x_wconf 90' lang='lat' dir='ltr'>Dicitur</span> <span class='ocrx_word' id='word_1_285' title='bbox 734 2149 841 2185; x_wconf 90' lang='lat' dir='ltr'>enim</span> <span class='ocrx_word' id='word_1_286' title='bbox 870 2158 1018 2194; x_wconf 92' lang='lat' dir='ltr'>corpus</span> <span class='ocrx_word' id='word_1_287' title='bbox 1045 2148 1209 2193; x_wconf 90' lang='lat' dir='ltr'>aliquod</span> <span class='ocrx_word' id='word_1_288' title='bbox 1243 2147 1390 2183; x_wconf 90' lang='lat' dir='ltr'>subtile</span> <span class='ocrx_word' id='word_1_289' title='bbox 1428 2157 1453 2183; x_wconf 89' lang='lat' dir='ltr'>a</span> <span class='ocrx_word' id='word_1_290' title='bbox 1489 2147 1638 2182; x_wconf 90' lang='lat' dir='ltr'>virtute</span> <span class='ocrx_word' id='word_1_291' title='bbox 1675 2156 1799 2191; x_wconf 90' lang='lat' dir='ltr'>pene-</span> 
     </span>
     <span class='ocr_line' id='line_1_33' title="bbox 124 2206 1799 2253; baseline -0.001 -10"><span class='ocrx_word' id='word_1_292' title='bbox 124 2207 283 2249; x_wconf 88' lang='lat' dir='ltr'>trativa,</span> <span class='ocrx_word' id='word_1_293' title='bbox 321 2207 437 2243; x_wconf 91' lang='lat' dir='ltr'>iuxta</span> <span class='ocrx_word' id='word_1_294' title='bbox 474 2208 582 2252; x_wconf 93' lang='lat' dir='ltr'>quod</span> <span class='ocrx_word' id='word_1_295' title='bbox 621 2209 835 2253; x_wconf 88' lang='lat' dir='ltr'>argentum</span> <span class='ocrx_word' id='word_1_296' title='bbox 874 2207 1012 2243; x_wconf 87' lang='lat' dir='ltr'>vivum</span> <span class='ocrx_word' id='word_1_297' title='bbox 1051 2207 1194 2243; x_wconf 87' lang='lat' dir='ltr'>dicitur</span> <span class='ocrx_word' id='word_1_298' title='bbox 1233 2206 1392 2248; x_wconf 89' lang='lat' dir='ltr'>subtile,</span> <span class='ocrx_word' id='word_1_299' title='bbox 1430 2206 1471 2241; x_wconf 92' lang='lat' dir='ltr'>in</span> <span class='ocrx_word' id='word_1_300' title='bbox 1506 2207 1700 2250; x_wconf 87' lang='lat' dir='ltr'>quantum</span> <span class='ocrx_word' id='word_1_301' title='bbox 1736 2206 1799 2241; x_wconf 90' lang='lat' dir='ltr'>est</span> 
     </span>
     <span class='ocr_line' id='line_1_34' title="bbox 125 2264 1798 2312; baseline -0.002 -10"><span class='ocrx_word' id='word_1_302' title='bbox 125 2266 439 2312; x_wconf 90' lang='lat' dir='ltr'>penetrativum,</span> <span class='ocrx_word' id='word_1_303' title='bbox 467 2267 509 2302; x_wconf 89' lang='lat' dir='ltr'>et</span> <span class='ocrx_word' id='word_1_304' title='bbox 534 2266 699 2311; x_wconf 90' lang='lat' dir='ltr'>spiritus</span> <span class='ocrx_word' id='word_1_305' title='bbox 726 2266 914 2302; x_wconf 86' lang='lat' dir='ltr'>dicuntur</span> <span class='ocrx_word' id='word_1_306' title='bbox 941 2264 1111 2302; x_wconf 89' lang='lat' dir='ltr'>subtiles</span> <span class='ocrx_word' id='word_1_307' title='bbox 1139 2267 1321 2305; x_wconf 87' lang='lat' dir='ltr'>naturae,</span> <span class='ocrx_word' id='word_1_308' title='bbox 1349 2264 1443 2309; x_wconf 90' lang='lat' dir='ltr'>quia</span> <span class='ocrx_word' id='word_1_309' title='bbox 1467 2265 1687 2309; x_wconf 87' lang='lat' dir='ltr'>penetrant</span> <span class='ocrx_word' id='word_1_310' title='bbox 1712 2273 1798 2300; x_wconf 87' lang='lat' dir='ltr'>cor-</span> 
     </span>
     <span class='ocr_line' id='line_1_35' title="bbox 124 2322 1800 2371; baseline -0.002 -10"><span class='ocrx_word' id='word_1_311' title='bbox 124 2335 237 2371; x_wconf 91' lang='lat' dir='ltr'>pora.</span> <span class='ocrx_word' id='word_1_312' title='bbox 286 2325 334 2361; x_wconf 91' lang='lat' dir='ltr'>Et</span> <span class='ocrx_word' id='word_1_313' title='bbox 360 2326 412 2361; x_wconf 91' lang='lat' dir='ltr'>ob</span> <span class='ocrx_word' id='word_1_314' title='bbox 438 2326 517 2361; x_wconf 90' lang='lat' dir='ltr'>hoc</span> <span class='ocrx_word' id='word_1_315' title='bbox 544 2325 665 2361; x_wconf 91' lang='lat' dir='ltr'>etiam</span> <span class='ocrx_word' id='word_1_316' title='bbox 693 2324 837 2361; x_wconf 89' lang='lat' dir='ltr'>dicitur</span> <span class='ocrx_word' id='word_1_317' title='bbox 863 2334 1012 2369; x_wconf 90' lang='lat' dir='ltr'>corpus</span> <span class='ocrx_word' id='word_1_318' title='bbox 1039 2324 1202 2368; x_wconf 89' lang='lat' dir='ltr'>aliquod</span> <span class='ocrx_word' id='word_1_319' title='bbox 1231 2323 1390 2364; x_wconf 82' lang='lat' dir='ltr'>subtile,</span> <span class='ocrx_word' id='word_1_320' title='bbox 1426 2323 1520 2368; x_wconf 89' lang='lat' dir='ltr'>quia</span> <span class='ocrx_word' id='word_1_321' title='bbox 1554 2324 1619 2358; x_wconf 86' lang='lat' dir='ltr'>est</span> <span class='ocrx_word' id='word_1_322' title='bbox 1644 2322 1800 2367; x_wconf 91' lang='lat' dir='ltr'>quanti-</span> 
     </span>
     <span class='ocr_line' id='line_1_36' title="bbox 73 2380 1798 2429; baseline -0.002 -9"><span class='ocrx_word' id='word_1_323' title='bbox 73 2391 107 2416; x_wconf 80' lang='lat'>35</span> <span class='ocrx_word' id='word_1_324' title='bbox 125 2384 219 2421; x_wconf 91' lang='lat' dir='ltr'>tatis</span> <span class='ocrx_word' id='word_1_325' title='bbox 258 2384 448 2429; x_wconf 85' lang='lat' dir='ltr'>exiguae,</span> <span class='ocrx_word' id='word_1_326' title='bbox 485 2384 542 2419; x_wconf 90' lang='lat' dir='ltr'>ita</span> <span class='ocrx_word' id='word_1_327' title='bbox 580 2384 687 2428; x_wconf 90' lang='lat' dir='ltr'>quod</span> <span class='ocrx_word' id='word_1_328' title='bbox 722 2384 872 2419; x_wconf 88' lang='lat' dir='ltr'>tactum</span> <span class='ocrx_word' id='word_1_329' title='bbox 908 2383 1162 2428; x_wconf 76' lang='lat' dir='ltr'>subterfugit,</span> <span class='ocrx_word' id='word_1_330' title='bbox 1201 2382 1305 2418; x_wconf 90' lang='lat' dir='ltr'>sicut</span> <span class='ocrx_word' id='word_1_331' title='bbox 1339 2391 1410 2418; x_wconf 86' lang='lat' dir='ltr'>aer</span> <span class='ocrx_word' id='word_1_332' title='bbox 1446 2381 1696 2418; x_wconf 83' lang='lat' dir='ltr'>sensibiliter</span> <span class='ocrx_word' id='word_1_333' title='bbox 1728 2380 1798 2417; x_wconf 91' lang='lat' dir='ltr'>vix</span> 
     </span>
     <span class='ocr_line' id='line_1_37' title="bbox 126 2440 1800 2489; baseline -0.002 -10"><span class='ocrx_word' id='word_1_334' title='bbox 126 2443 314 2489; x_wconf 89' lang='lat' dir='ltr'>tangitur.</span> <span class='ocrx_word' id='word_1_335' title='bbox 364 2442 519 2478; x_wconf 88' lang='lat' dir='ltr'>Dicitur</span> <span class='ocrx_word' id='word_1_336' title='bbox 554 2442 676 2478; x_wconf 86' lang='lat' dir='ltr'>etiam</span> <span class='ocrx_word' id='word_1_337' title='bbox 712 2442 859 2478; x_wconf 89' lang='lat' dir='ltr'>subtile</span> <span class='ocrx_word' id='word_1_338' title='bbox 896 2451 948 2478; x_wconf 87' lang='lat' dir='ltr'>ex</span> <span class='ocrx_word' id='word_1_339' title='bbox 983 2441 1187 2487; x_wconf 88' lang='lat' dir='ltr'>paucitate</span> <span class='ocrx_word' id='word_1_340' title='bbox 1223 2440 1431 2476; x_wconf 88' lang='lat' dir='ltr'>materiae.</span> <span class='ocrx_word' id='word_1_341' title='bbox 1481 2440 1599 2476; x_wconf 92' lang='lat' dir='ltr'>Unde</span> <span class='ocrx_word' id='word_1_342' title='bbox 1626 2448 1800 2486; x_wconf 88' lang='lat' dir='ltr'>corpora</span> 
     </span>
     <span class='ocr_line' id='line_1_38' title="bbox 125 2499 1514 2545; baseline -0.002 -7"><span class='ocrx_word' id='word_1_343' title='bbox 125 2511 219 2538; x_wconf 85' lang='lat' dir='ltr'>rara</span> <span class='ocrx_word' id='word_1_344' title='bbox 245 2501 433 2538; x_wconf 89' lang='lat' dir='ltr'>dicuntur</span> <span class='ocrx_word' id='word_1_345' title='bbox 459 2501 633 2542; x_wconf 89' lang='lat' dir='ltr'>subtilia,</span> <span class='ocrx_word' id='word_1_346' title='bbox 659 2502 702 2537; x_wconf 92' lang='lat' dir='ltr'>ut</span> <span class='ocrx_word' id='word_1_347' title='bbox 727 2501 877 2542; x_wconf 90' lang='lat' dir='ltr'>vinum,</span> <span class='ocrx_word' id='word_1_348' title='bbox 903 2510 1042 2545; x_wconf 89' lang='lat' dir='ltr'>parum</span> <span class='ocrx_word' id='word_1_349' title='bbox 1071 2501 1228 2536; x_wconf 89' lang='lat' dir='ltr'>habens</span> <span class='ocrx_word' id='word_1_350' title='bbox 1256 2500 1307 2535; x_wconf 86' lang='lat' dir='ltr'>de</span> <span class='ocrx_word' id='word_1_351' title='bbox 1333 2499 1514 2535; x_wconf 89' lang='lat' dir='ltr'>materia.</span> 
     </span>
    </p>
   </div>
   <div class='ocr_carea' id='block_1_8' title="bbox 126 2582 282 2585">
    <p class='ocr_par' dir='ltr' id='par_1_8' title="bbox 126 2582 282 2585">
     <span class='ocr_line' id='line_1_39' title="bbox 126 2582 282 2585; baseline 0 0"><span class='ocrx_word' id='word_1_352' title='bbox 126 2582 282 2585; x_wconf 95' lang='lat' dir='ltr'> </span> 
     </span>
    </p>
   </div>
   <div class='ocr_carea' id='block_1_9' title="bbox 375 2581 475 2584">
    <p class='ocr_par' dir='ltr' id='par_1_9' title="bbox 375 2581 475 2584">
     <span class='ocr_line' id='line_1_40' title="bbox 375 2581 475 2584; baseline 0 0"><span class='ocrx_word' id='word_1_353' title='bbox 375 2581 475 2584; x_wconf 95' lang='lat' dir='ltr'> </span> 
     </span>
    </p>
   </div>
   <div class='ocr_carea' id='block_1_10' title="bbox 128 2619 1800 2709">
    <p class='ocr_par' dir='ltr' id='par_1_10' title="bbox 128 2619 1800 2709">
     <span class='ocr_line' id='line_1_41' title="bbox 264 2619 1800 2663; baseline -0.002 -7"><span class='ocrx_word' id='word_1_354' title='bbox 264 2624 310 2656; x_wconf 82' lang='grc'>14</span> <span class='ocrx_word' id='word_1_355' title='bbox 337 2623 416 2656; x_wconf 89' lang='lat' dir='ltr'>Cor.</span> <span class='ocrx_word' id='word_1_356' title='bbox 440 2624 494 2663; x_wconf 85' lang='lat'>15,</span> <span class='ocrx_word' id='word_1_357' title='bbox 509 2621 566 2662; x_wconf 85' lang='grc'>44]</span> <span class='ocrx_word' id='word_1_358' title='bbox 592 2622 671 2655; x_wconf 90' lang='lat' dir='ltr'>Cor.</span> <span class='ocrx_word' id='word_1_359' title='bbox 693 2623 712 2654; x_wconf 80' lang='lat'><strong>3</strong></span> <span class='ocrx_word' id='word_1_360' title='bbox 796 2622 838 2655; x_wconf 85' lang='lat'>18</span> <span class='ocrx_word' id='word_1_361' title='bbox 865 2621 1021 2661; x_wconf 82' lang='lat' dir='ltr'>omnino]</span> <span class='ocrx_word' id='word_1_362' title='bbox 1048 2622 1125 2654; x_wconf 92' lang='lat' dir='ltr'>eius</span> <span class='ocrx_word' id='word_1_363' title='bbox 1217 2622 1256 2653; x_wconf 82' lang='grc'>19</span> <span class='ocrx_word' id='word_1_364' title='bbox 1284 2620 1340 2660; x_wconf 76' lang='grc'>20]</span> <span class='ocrx_word' id='word_1_365' title='bbox 1367 2621 1409 2653; x_wconf 83' lang='grc'>23</span> <span class='ocrx_word' id='word_1_366' title='bbox 1505 2621 1548 2654; x_wconf 81' lang='grc'>24</span> <span class='ocrx_word' id='word_1_367' title='bbox 1575 2619 1800 2660; x_wconf 89' lang='lat' dir='ltr'>Eutychium]</span> 
     </span>
     <span class='ocr_line' id='line_1_42' title="bbox 128 2676 295 2709; baseline -0.006 0"><span class='ocrx_word' id='word_1_368' title='bbox 128 2676 295 2709; x_wconf 87' lang='lat' dir='ltr'>Ciricium</span> 
     </span>
    </p>
   </div>
   <div class='ocr_carea' id='block_1_11' title="bbox 129 2752 267 2756">
    <p class='ocr_par' dir='ltr' id='par_1_11' title="bbox 129 2752 267 2756">
     <span class='ocr_line' id='line_1_43' title="bbox 129 2752 267 2756; baseline 0 0"><span class='ocrx_word' id='word_1_369' title='bbox 129 2752 267 2756; x_wconf 95' lang='lat' dir='ltr'> </span> 
     </span>
    </p>
   </div>
   <div class='ocr_carea' id='block_1_12' title="bbox 271 2752 549 2756">
    <p class='ocr_par' dir='ltr' id='par_1_12' title="bbox 271 2752 549 2756">
     <span class='ocr_line' id='line_1_44' title="bbox 271 2752 549 2756; baseline 0 0"><span class='ocrx_word' id='word_1_370' title='bbox 271 2752 549 2756; x_wconf 95' lang='lat' dir='ltr'> </span> 
     </span>
    </p>
   </div>
   <div class='ocr_carea' id='block_1_13' title="bbox 130 2790 1801 3099">
    <p class='ocr_par' dir='ltr' id='par_1_13' title="bbox 130 2790 1799 2887">
     <span class='ocr_line' id='line_1_45' title="bbox 268 2790 1799 2833; baseline -0.003 -5"><span class='ocrx_word' id='word_1_371' title='bbox 268 2793 281 2816; x_wconf 90' lang='lat'><strong>¹</strong></span> <span class='ocrx_word' id='word_1_372' title='bbox 308 2792 445 2828; x_wconf 81' lang='lat' dir='ltr'>Glossa</span> <span class='ocrx_word' id='word_1_373' title='bbox 469 2794 747 2827; x_wconf 78' lang='lat' dir='ltr'>interlinearis:</span> <span class='ocrx_word' id='word_1_374' title='bbox 786 2793 910 2833; x_wconf 91' lang='lat' dir='ltr'>„Quod</span> <span class='ocrx_word' id='word_1_375' title='bbox 945 2793 1016 2826; x_wconf 86' lang='lat' dir='ltr'>iam</span> <span class='ocrx_word' id='word_1_376' title='bbox 1049 2793 1106 2825; x_wconf 90' lang='lat' dir='ltr'>his</span> <span class='ocrx_word' id='word_1_377' title='bbox 1140 2791 1231 2831; x_wconf 89' lang='lat' dir='ltr'>(scil.</span> <span class='ocrx_word' id='word_1_378' title='bbox 1258 2790 1363 2832; x_wconf 85' lang='lat' dir='ltr'>cibis)</span> <span class='ocrx_word' id='word_1_379' title='bbox 1393 2800 1466 2825; x_wconf 91' lang='lat' dir='ltr'>non</span> <span class='ocrx_word' id='word_1_380' title='bbox 1501 2791 1641 2833; x_wconf 84' lang='lat' dir='ltr'>egeat.‘·</span> <span class='ocrx_word' id='word_1_381' title='bbox 1695 2791 1799 2824; x_wconf 74' lang='lat' dir='ltr'>Ordi-</span> 
     </span>
     <span class='ocr_line' id='line_1_46' title="bbox 130 2843 1746 2887; baseline -0.003 -6"><span class='ocrx_word' id='word_1_382' title='bbox 130 2848 266 2880; x_wconf 77' lang='lat' dir='ltr'>naria:</span> <span class='ocrx_word' id='word_1_383' title='bbox 292 2848 509 2887; x_wconf 87' lang='lat' dir='ltr'>„Transiens</span> <span class='ocrx_word' id='word_1_384' title='bbox 534 2847 570 2880; x_wconf 90' lang='lat' dir='ltr'>in</span> <span class='ocrx_word' id='word_1_385' title='bbox 595 2848 760 2880; x_wconf 87' lang='lat' dir='ltr'>naturam</span> <span class='ocrx_word' id='word_1_386' title='bbox 786 2846 945 2887; x_wconf 89' lang='lat' dir='ltr'>spiritus,</span> <span class='ocrx_word' id='word_1_387' title='bbox 973 2846 1059 2886; x_wconf 89' lang='lat' dir='ltr'>quia</span> <span class='ocrx_word' id='word_1_388' title='bbox 1084 2845 1189 2885; x_wconf 85' lang='lat' dir='ltr'>agile,</span> <span class='ocrx_word' id='word_1_389' title='bbox 1216 2845 1308 2884; x_wconf 91' lang='lat' dir='ltr'>leve,</span> <span class='ocrx_word' id='word_1_390' title='bbox 1335 2844 1426 2877; x_wconf 85' lang='lat' dir='ltr'>cibis</span> <span class='ocrx_word' id='word_1_391' title='bbox 1450 2853 1521 2877; x_wconf 91' lang='lat' dir='ltr'>non</span> <span class='ocrx_word' id='word_1_392' title='bbox 1548 2843 1746 2885; x_wconf 83' lang='lat' dir='ltr'>indigens.“</span> 
     </span>
    </p>

    <p class='ocr_par' dir='ltr' id='par_1_14' title="bbox 268 2892 971 2940">
     <span class='ocr_line' id='line_1_47' title="bbox 268 2892 971 2940; baseline -0.003 -7"><span class='ocrx_word' id='word_1_393' title='bbox 268 2899 283 2922; x_wconf 81' lang='lat'>2</span> <span class='ocrx_word' id='word_1_394' title='bbox 308 2900 364 2933; x_wconf 86' lang='lat' dir='ltr'>PL</span> <span class='ocrx_word' id='word_1_395' title='bbox 390 2901 443 2940; x_wconf 86' lang='lat'>41,</span> <span class='ocrx_word' id='word_1_396' title='bbox 471 2892 549 2933; x_wconf 78' lang='lat'><strong>39&#39;5.</strong></span> <span class='ocrx_word' id='word_1_397' title='bbox 691 2899 706 2921; x_wconf 77' lang='lat'>³</span> <span class='ocrx_word' id='word_1_398' title='bbox 730 2898 787 2932; x_wconf 85' lang='lat' dir='ltr'>PL</span> <span class='ocrx_word' id='word_1_399' title='bbox 812 2899 866 2938; x_wconf 80' lang='lat'>41,</span> <span class='ocrx_word' id='word_1_400' title='bbox 893 2899 971 2931; x_wconf 85' lang='lat'><strong>393.</strong></span> 
     </span>
    </p>

    <p class='ocr_par' dir='ltr' id='par_1_15' title="bbox 269 2950 1080 2992">
     <span class='ocr_line' id='line_1_48' title="bbox 269 2950 1080 2992; baseline -0.002 -6"><span class='ocrx_word' id='word_1_401' title='bbox 269 2952 284 2974; x_wconf 78' lang='lat'>4</span> <span class='ocrx_word' id='word_1_402' title='bbox 308 2952 447 2986; x_wconf 84' lang='lat' dir='ltr'>Moral.</span> <span class='ocrx_word' id='word_1_403' title='bbox 473 2953 560 2992; x_wconf 92' lang='lat' dir='ltr'>XIV,</span> <span class='ocrx_word' id='word_1_404' title='bbox 589 2953 631 2985; x_wconf 83' lang='lat'>56</span> <span class='ocrx_word' id='word_1_405' title='bbox 657 2951 728 2992; x_wconf 91' lang='lat' dir='ltr'>(PL</span> <span class='ocrx_word' id='word_1_406' title='bbox 754 2953 808 2992; x_wconf 89' lang='lat'>75,</span> <span class='ocrx_word' id='word_1_407' title='bbox 836 2952 924 2985; x_wconf 85' lang='lat'>1077</span> <span class='ocrx_word' id='word_1_408' title='bbox 950 2961 983 2985; x_wconf 90' lang='lat' dir='ltr'>n.</span> <span class='ocrx_word' id='word_1_409' title='bbox 1011 2950 1080 2991; x_wconf 82' lang='lat'><strong>72).</strong></span> 
     </span>
    </p>

    <p class='ocr_par' dir='ltr' id='par_1_16' title="bbox 133 3003 1801 3099">
     <span class='ocr_line' id='line_1_49' title="bbox 268 3003 1801 3046; baseline -0.003 -8"><span class='ocrx_word' id='word_1_410' title='bbox 268 3005 284 3028; x_wconf 81' lang='lat'>5</span> <span class='ocrx_word' id='word_1_411' title='bbox 309 3006 450 3039; x_wconf 81' lang='lat' dir='ltr'>Ibidem</span> <span class='ocrx_word' id='word_1_412' title='bbox 475 3014 555 3046; x_wconf 86' lang='lat' dir='ltr'>cap.</span> <span class='ocrx_word' id='word_1_413' title='bbox 583 3007 626 3038; x_wconf 81' lang='lat'>55</span> <span class='ocrx_word' id='word_1_414' title='bbox 651 3004 700 3043; x_wconf 91' lang='lat' dir='ltr'>(n.</span> <span class='ocrx_word' id='word_1_415' title='bbox 728 3004 807 3040; x_wconf 70' lang='lat' dir='ltr'>71l:</span> <span class='ocrx_word' id='word_1_416' title='bbox 842 3004 898 3043; x_wconf 80' lang='lat' dir='ltr'>„Si</span> <span class='ocrx_word' id='word_1_417' title='bbox 924 3005 958 3037; x_wconf 91' lang='lat' dir='ltr'>in</span> <span class='ocrx_word' id='word_1_418' title='bbox 987 3012 1097 3037; x_wconf 90' lang='lat' dir='ltr'>aereo</span> <span class='ocrx_word' id='word_1_419' title='bbox 1123 3011 1277 3044; x_wconf 87' lang='lat' dir='ltr'>corpore</span> <span class='ocrx_word' id='word_1_420' title='bbox 1304 3011 1509 3040; x_wconf 85' lang='lat' dir='ltr'>surrexero,</span> <span class='ocrx_word' id='word_1_421' title='bbox 1536 3003 1604 3035; x_wconf 84' lang='lat' dir='ltr'>iam</span> <span class='ocrx_word' id='word_1_422' title='bbox 1634 3010 1702 3042; x_wconf 88' lang='lat' dir='ltr'>ego</span> <span class='ocrx_word' id='word_1_423' title='bbox 1730 3009 1801 3033; x_wconf 91' lang='lat' dir='ltr'>non</span> 
     </span>
     <span class='ocr_line' id='line_1_50' title="bbox 133 3058 493 3099; baseline 0 -8"><span class='ocrx_word' id='word_1_424' title='bbox 133 3067 196 3091; x_wconf 88' lang='lat' dir='ltr'>ero</span> <span class='ocrx_word' id='word_1_425' title='bbox 223 3059 282 3099; x_wconf 91' lang='lat' dir='ltr'>qui</span> <span class='ocrx_word' id='word_1_426' title='bbox 307 3058 493 3099; x_wconf 84' lang='lat' dir='ltr'>resurgo.“</span> 
     </span>
    </p>
   </div>
   <div class='ocr_carea' id='block_1_14' title="bbox 1810 318 1858 354">
    <p class='ocr_par' dir='ltr' id='par_1_17' title="bbox 1810 318 1858 354">
     <span class='ocr_line' id='line_1_51' title="bbox 1810 318 1858 354; baseline 0 0"><span class='ocrx_word' id='word_1_427' title='bbox 1810 318 1858 354; x_wconf 92' lang='lat' dir='ltr'>B.</span> 
     </span>
    </p>
   </div>
   <div class='ocr_carea' id='block_1_15' title="bbox 1816 770 1988 808">
    <p class='ocr_par' dir='ltr' id='par_1_18' title="bbox 1816 770 1988 808">
     <span class='ocr_line' id='line_1_52' title="bbox 1816 770 1988 808; baseline -0.006 0"><span class='ocrx_word' id='word_1_428' title='bbox 1816 770 1859 808; x_wconf 91' lang='lat' dir='ltr'>C.</span> <span class='ocrx_word' id='word_1_429' title='bbox 1884 771 1988 808; x_wconf 91' lang='lat' dir='ltr'>XIV.</span> 
     </span>
    </p>
   </div>
   <div class='ocr_carea' id='block_1_16' title="bbox 1815 1504 2005 1537">
    <p class='ocr_par' dir='ltr' id='par_1_19' title="bbox 1815 1504 2005 1537">
     <span class='ocr_line' id='line_1_53' title="bbox 1815 1504 2005 1537; baseline 0.005 -1"><span class='ocrx_word' id='word_1_430' title='bbox 1815 1504 1878 1537; x_wconf 80' lang='lat' dir='ltr'>fol.</span> <span class='ocrx_word' id='word_1_431' title='bbox 1900 1505 1968 1537; x_wconf 73' lang='grc' dir='ltr'>29υ</span> <span class='ocrx_word' id='word_1_432' title='bbox 1981 1512 2005 1537; x_wconf 85' lang='grc' dir='ltr'><em>α</em></span> 
     </span>
    </p>
   </div>
  </div>
 </body>
</html>
