2095 3459
311 193 355 227 82
813 194 987 228 Johannis
1013 194 1178 227 Pechami
1204 194 1452 231 Quaestiones.

449 292 502 326 14.
528 291 626 326 Item
651 291 759 326 nulla
783 291 842 326 rei
868 291 1082 327 similitudo
1110 291 1229 335 plene
1253 291 1538 335 repraesentat
1562 299 1658 331 rem,
1694 290 1868 334 excepta
1892 289 1959 325 illa

312 358 415 393 quae
454 350 516 384 est
555 350 669 385 extra
706 359 845 395 genus.
895 350 974 385 Res
1014 350 1119 385 enim
1157 359 1239 385 non
1276 349 1402 395 gignit
1440 349 1738 385 similitudinem
1775 348 1853 384 nisi
1887 357 1961 392 per

110 411 169 443 rol.
194 411 293 442 27rb
312 407 480 443 formam
508 418 631 444 suam.
680 408 782 453 Ergo
820 409 928 444 nulla
964 418 1030 444 res
1068 407 1249 453 perfecte
1284 409 1420 452 potest
1437 410 1450 450 11
1469 408 1663 453 cognosci
1688 416 1760 451 per
1785 406 1959 451 aliquam

242 612 287 648 B.

311 466 618 502 similitudinem.
667 467 769 512 Ergo
797 467 831 502 si
856 466 1034 512 perfecte
1062 467 1330 512 cognoscitur,
1369 468 1529 511 oportet
1564 475 1637 511 per
1674 476 1787 501 suam
1822 474 1960 501 essen-

311 525 405 560 tiam
432 526 710 570 cognoscatur.
1978 532 1993 557 5

1044 608 1221 644 Contra.

448 691 477 725 1.
504 690 826 736 Augustinus,
847 691 905 727 De
930 691 1036 726 Trin.
1057 690 1119 732 IX,
1149 700 1234 735 cap.
1256 692 1295 726 11
1310 693 1341 726 ¹:
1371 690 1531 734 ⁷,Omnis
1550 691 1693 727 notitia
1713 691 1837 726 habet
1855 690 1959 726 simi—

311 751 517 786 litudinem
543 751 594 786 ad
619 759 705 786 rem
732 760 849 794 quam
873 750 996 786 novit.
1046 749 1162 785 Unde
1188 750 1345 785 animus
1372 750 1520 785 nullam
1548 749 1701 794 speciei
1727 749 1813 785 veri
1836 749 1959 785 habet

311 809 639 845 similitudinem.“
688 808 735 844 Et
760 808 862 845 infra
887 809 1026 845 eodem
1042 811 1075 844 2:
1104 808 1223 853 „Cum
1249 809 1377 845 Deum
1404 808 1600 849 novimus,
1626 807 1670 843 fit
1698 808 1831 853 aliqua
1856 808 1959 843 simi-

309 868 433 904 litudo
459 867 533 903 Dei
558 867 624 903 illa
648 867 820 903 notitia.“
1979 868 2011 893 10

447 927 478 962 2.
504 926 601 962 Item
635 926 775 962 eodem
815 926 920 962 libro
956 935 1041 971 cap.
1074 927 1160 962 133:
1199 926 1359 970 „Omnis
1386 935 1464 968 res,
1499 926 1864 971 quantumcumque
1890 935 1959 961 no-

310 985 450 1027 vimus,
477 986 647 1030 generat
671 985 711 1020 in
737 985 854 1021 nobis
881 985 1062 1020 notitiam
1090 985 1184 1020 sui.“

446 1045 477 1079 3.
504 1043 601 1079 Item
628 1044 734 1079 libro
760 1043 898 1086 XXIV,
921 1053 1006 1088 cap.
1032 1044 1091 1079 34.
1129 1043 1316 1088 Loquens
1347 1044 1397 1079 de
1425 1043 1507 1080 fide
1533 1043 1646 1079 dicit:
1686 1043 1826 1087 „Illam,
1853 1053 1957 1089 quae

310 1104 404 1138 tunc
431 1103 504 1138 erit
529 1103 745 1138 trinitatem
770 1102 891 1138 faciet
925 1102 985 1137 rei
1019 1101 1227 1146 perfectae
1259 1102 1491 1147 imaginatio
1524 1102 1565 1138 in
1596 1103 1846 1138 recordantis
1878 1111 1958 1138 me-

310 1161 436 1197 moria
462 1161 686 1197 derelicta.“
736 1161 839 1207 Ergo
866 1161 933 1197 ubi
961 1161 1024 1196 est
1049 1161 1225 1206 cognitio
1252 1161 1544 1205 potentissima,
1573 1161 1726 1197 scilicet
1751 1161 1791 1196 in
1816 1162 1955 1206 patria,
1978 1167 2009 1192 15

309 1220 411 1256 fides
438 1230 511 1265 per
537 1220 833 1256 similitudinem
860 1220 1188 1265 cognoscentem.

446 1280 477 1314 4.
504 1279 601 1314 Item
627 1279 722 1314 Ans
737 1279 902 1320 elmus‚
928 1278 1082 1314 Monoi.
1108 1277 1333 1314 XXXVIII.5
1354 1288 1438 1323 cap.
1479 1278 1613 1322 „Nulla
1631 1279 1788 1315 ratione
1815 1280 1957 1325 negari

308 1338 453 1383 potest,
480 1348 569 1373 cum
595 1348 709 1373 mens
736 1337 943 1374 rationalis
970 1346 1015 1373 se
1041 1337 1170 1382 ipsam
1197 1337 1412 1383 cogitando
1439 1338 1632 1383 inteIIIgit‚
1656 1338 1956 1384 imaginativam

309 1397 434 1441 ipsius
461 1397 573 1433 nasci
599 1397 638 1432 in
666 1407 738 1433 sua
765 1397 1007 1442 cognitione.
1058 1396 1180 1432 Immo
1206 1397 1335 1441 ipsam
1362 1397 1605 1442 cogitatione
1633 1397 1695 1433 sui
1721 1407 1833 1433 suam
1861 1407 1955 1433 esse

309 1455 522 1501 imaginem
550 1457 599 1492 ad
627 1456 712 1491 eius
740 1455 1039 1491 similitudinem
1077 1456 1279 1500 tamquam
1317 1456 1369 1491 ad
1407 1455 1492 1491 eius
1531 1455 1841 1500 impressionem
1878 1456 2008 1492 for-20

308 1515 465 1550 matam.
517 1514 816 1559 Quamcumque
844 1514 949 1550 enim
975 1523 1061 1550 rem
1087 1524 1214 1556 mens,
1253 1514 1340 1550 sive
1374 1524 1447 1559 per
1483 1514 1569 1550 eius
1601 1515 1828 1560 imaginem,
1867 1515 1955 1551 sive

308 1583 380 1618 per
404 1574 613 1615 rationem,
649 1574 755 1618 cupit
780 1573 981 1609 veraciter
1013 1573 1204 1619 cogitare,
1232 1573 1318 1609 eius
1345 1574 1482 1618 utique
1509 1572 1807 1610 similitudinem
1833 1583 1955 1619 quan-

307 1633 387 1667 tum
404 1632 511 1667 valet
531 1632 570 1667 in
590 1632 679 1676 ipsa
700 1642 773 1668 sua
793 1632 1037 1677 cogitatione
1059 1633 1227 1670 conatur
1247 1632 1510 1677 exprimere.“
1537 1632 1647 1668 Haec
1662 1632 1954 1668 Anselmusss.

444 1692 475 1725 5.
510 1691 608 1726 Item
644 1691 805 1735 inquirit
839 1690 1236 1733 Commentat0r⁷‚
1274 1692 1405 1727 utrum
1431 1691 1657 1727 intellectus
1684 1701 1757 1736 per
1781 1692 1955 1736 aliquam

308 1749 606 1785 similitudinem
633 1750 912 1795 cognoscatur,
940 1751 980 1785 et
1005 1750 1170 1786 tandem
1195 1749 1336 1786 definit
1360 1749 1401 1785 in
1420 1750 1523 1786 haec
1542 1751 1668 1786 verba
1688 1750 1827 1786 dicens
1849 1750 1955 1795 quod
1975 1759 2008 1784 25

307 1809 534 1844 intellectus
560 1809 791 1854 intelligitur
816 1818 889 1854 per
914 1809 1181 1845 intentionem
1206 1809 1380 1853 aliquam
1405 1809 1445 1844 in
1472 1818 1521 1845 eo
1548 1810 1591 1844 ut
1615 1809 1719 1845 aliae
1744 1818 1823 1845 res.

444 1868 475 1903 6.
510 1867 607 1903 Item
634 1868 759 1903 virtus
793 1868 1051 1913 cognoscitur
1075 1877 1172 1903 vere
1207 1868 1256 1904 ab
1292 1867 1508 1903 intellectu.
1559 1867 1639 1904 Sed
1664 1867 1789 1903 virtus
1817 1877 1956 1904 essen-

306 1926 452 1962 tialiter
479 1928 540 1962 est
559 1927 599 1962 in
620 1927 753 1971 aliqua
772 1927 964 1971 potentia,
992 1927 1145 1963 scilicet
1165 1927 1205 1962 in
1225 1927 1444 1963 voluntate.
1492 1926 1596 1972 Ergo
1618 1936 1707 1962 cum
1726 1927 1955 1963 intellectus

308 1995 387 2021 non
423 1985 551 2030 possit
586 1995 837 2031 cognoscere
872 1995 927 2027 se,
966 1985 1044 2021 nisi
1068 1986 1313 2021 assimilatus
1339 1985 1399 2021 rei
1425 1986 1622 2031 cognitae,
1658 1986 1817 2030 oportet
1849 1986 1955 2030 quod

306 2045 480 2089 aliquam
505 2044 544 2080 in
572 2054 616 2080 se
643 2045 791 2080 habeat
817 2045 1115 2080 similitudinem
1141 2044 1423 2081 informantem
1451 2054 1553 2080 eum.
1600 2044 1705 2090 Ergo
1733 2045 1807 2080 etc.
1974 2053 2008 2079 30

441 2105 472 2138 7.
508 2103 605 2139 Item
643 2104 777 2139 anima
812 2104 861 2139 de
899 2113 981 2139 non
1020 2103 1306 2139 considerante
1343 2103 1388 2138 fit
1426 2103 1704 2139 considerans.
1753 2103 1857 2149 Ergo
1883 2113 1956 2149 per

305 2162 452 2207 aliquid
479 2162 714 2198 innovatum
740 2162 780 2197 in
805 2162 904 2207 ipsa.
942 2162 1059 2198 Unde
1081 2162 1399 2208 Augustinus,
1434 2163 1490 2198 De
1524 2163 1631 2198 Trin.
1665 2162 1763 2205 XIV,
1784 2172 1869 2208 cap.
1890 2164 1954 2199 6⁸:

307 2221 441 2264 „Mens
468 2222 628 2265 quando
668 2221 899 2267 cognitione
939 2221 1146 2266 conspicit,
1183 2222 1309 2267 gignit
1347 2221 1422 2257 sibi
1459 2222 1705 2257 intellectum
1745 2222 1784 2257 et
1821 2222 1956 2267 cogni·

305 2279 456 2315 tionem
477 2289 600 2320 suam,
628 2280 701 2315 sed
721 2280 810 2324 ipsa
830 2280 1103 2316 essentialiter
1122 2290 1204 2316 non
1226 2280 1441 2316 innovatur
1462 2280 1569 2316 sibi.“
1612 2280 1715 2326 Ergo
1742 2290 1823 2317 non
1843 2281 1956 2316 inno-

304 2339 420 2374 vatur
440 2338 515 2374 sibi
535 2339 577 2374 ut
596 2338 768 2384 cognita,
796 2339 835 2374 et
854 2338 909 2374 ita
928 2348 1001 2383 per
1021 2339 1331 2375 similitudinem.
1368 2338 1565 2379 Quoniam
1587 2339 1621 2375 si
1640 2349 1714 2384 per
1733 2339 1955 2376 essentiam
1974 2348 2007 2373 35

305 2406 418 2432 suam
445 2398 555 2432 esset
581 2397 752 2442 cognita,
780 2407 942 2442 semper
967 2407 1011 2433 se
1039 2399 1308 2443 cognosceret
1334 2398 1435 2434 actu.
1486 2397 1601 2438 Quod
1627 2398 1770 2434 falsum
1798 2399 1870 2434 est.

440 2455 777 2500 Respondebatur
796 2465 869 2501 per
888 2456 1242 2501 interemptionem
1263 2458 1369 2501 quod
1388 2457 1507 2493 immo
1529 2461 1715 2502 <semper
1739 2467 1783 2492 se
1808 2457 1953 2499 novit>‚

304 2515 375 2550 sed
392 2523 473 2549 non
488 2523 650 2558 semper
664 2514 822 2560 cogitat.
850 2514 1017 2551 Contra:
1040 2515 1356 2560 Augustinus,
1372 2515 1433 2551 IX.
1447 2516 1506 2551 De
1526 2516 1631 2551 Trin.
1648 2525 1733 2561 cap.
1748 2517 1812 2552 6⁹:
1834 2515 1953 2559 „Cum

303 2582 417 2608 mens
445 2582 490 2608 se
517 2573 677 2618 cogitat,
716 2583 796 2609 non
822 2573 877 2609 ita
901 2573 1029 2619 gignit
1054 2574 1247 2616 notitiam,
1281 2574 1435 2610 scilicet
1470 2574 1585 2619 quasi
1618 2576 1713 2610 ante
1749 2574 1954 2620 incognita

303 2631 431 2673 fuerit,
457 2632 530 2667 sed
558 2631 612 2667 ita
639 2631 714 2667 sibi
739 2634 835 2668 nota
861 2633 957 2673 erat,
985 2633 1323 2677 quemadmodum
1361 2634 1483 2669 notae
1522 2634 1614 2669 sunt
1650 2643 1728 2674 res,
1767 2643 1871 2678 quae
1912 2634 1952 2669 in
1971 2648 2005 2672 40

440 2730 458 2762 9
490 2729 595 2769 infra]
631 2731 680 2762 ita
784 2730 824 2762 10
856 2729 993 2769 notitia]
1028 2731 1102 2763 vita
1204 2732 1243 2763 17
1276 2730 1414 2772 negarI]
1447 2732 1575 2763 mereri
1671 2731 1714 2763 30
1746 2730 1838 2770 eum]
1873 2740 1951 2764 eam

302 2783 344 2815 34
371 2782 462 2823 ipsa]
487 2783 568 2823 ipso
659 2783 700 2815 40
727 2782 824 2822 nota]
850 2784 923 2815 vita

439 2875 450 2896 1
478 2876 532 2908 PL
558 2877 609 2916 42,
637 2878 702 2910 969
728 2886 761 2909 n.
790 2878 842 2909 16.
983 2876 998 2899 2
1022 2878 1173 2910 Ibidem.
1314 2877 1328 2900 3
1353 2879 1407 2918 IX,
1437 2879 1476 2911 12
1502 2877 1572 2918 (PL
1599 2879 1652 2917 42,
1679 2879 1744 2911 970
1770 2888 1802 2910 n.
1832 2877 1899 2918 18).

437 2927 451 2949 4
477 2929 532 2961 PL
557 2930 610 2968 42,
638 2930 724 2962 1039
750 2939 783 2962 n.
814 2931 844 2963 5.
939 2929 954 2952 5
978 2939 1008 2963 c.
1035 2931 1076 2963 33
1103 2929 1173 2969 (PL
1200 2931 1275 2971 158,
1304 2930 1395 2970 187).

437 2980 452 3002 6
477 2981 545 3013 Cfr.
573 2983 722 3021 Thom„
751 2983 815 3023 Qq.
841 2983 955 3023 Disp„
983 2992 1016 3023 q.
1042 2984 1094 3016 De
1125 2983 1246 3022 Verbo,
1273 2985 1337 3017 art.
1365 2985 1394 3017 2.

438 3032 451 3055 ⁷
478 3034 529 3066 De
554 3034 692 3067 Anima
717 3036 769 3074 III,
797 3037 815 3068 4
843 3034 944 3074 (text.
973 3034 1041 3075 15).
1183 3035 1197 3058 ⁸
1221 3037 1276 3069 PL
1302 3037 1355 3076 42,
1384 3038 1470 3070 1042
1496 3046 1529 3070 n.
1557 3037 1586 3069 8.
1727 3035 1741 3058 9
1765 3036 1914 3069 Ibidem.
