2095 3459
802 207 974 245 Quaestio
1000 207 1116 241 XVIII.
1733 205 1797 241 151,

263 302 433 339 Contra:
460 302 546 338 Lux
568 304 608 338 et
628 302 742 339 color
757 304 852 339 sunt
866 303 1021 348 primae
1038 303 1294 341 differentiae
1311 303 1530 340 formarum
1545 303 1761 341 visibilium
1774 306 1799 349 ¹,

124 363 164 398 et
190 362 304 397 color
331 362 498 398 ulterius
526 361 717 397 dividitur
743 371 817 407 per
843 362 977 398 album
1006 364 1046 398 et
1072 363 1230 408 nigrum
1265 363 1304 399 et
1339 364 1500 399 ceteras
1536 362 1698 407 species
1734 372 1799 398 co-

125 421 267 457 lorum.
317 420 410 457 Plus
438 430 536 466 ergo
565 420 756 457 differunt
781 421 852 457 lux
879 422 919 458 et
945 422 1067 463 color,
1095 431 1216 467 quam
1242 422 1377 458 album
1405 422 1445 457 et
1469 422 1651 458 rubeum.
1706 421 1799 463 <Se-

126 479 283 525 quitur>
311 489 409 526 ergo
437 480 544 525 quod
572 489 650 516 nec
677 479 757 516 sint
783 480 823 516 in
851 481 997 516 eadem
1023 482 1138 526 parte
1165 481 1316 517 clarum
1343 482 1384 517 et
1410 480 1644 517 coloratum.

90 546 106 570 5
265 540 295 575 6.
323 539 422 575 Item
448 539 516 575 illa
542 548 716 584 corpora
743 540 862 575 erunt
895 540 1125 585 perspicua,
1164 541 1207 576 ut
1245 549 1368 585 supra
1402 539 1534 576 visum
1570 539 1667 575 est2.
1717 539 1799 576 Sed

126 598 398 644 perspicuitas
423 599 626 644 repugnat
652 598 834 638 claritati,
874 599 968 643 quia
1003 599 1156 635 clarum
1191 608 1367 635 necesse
1404 599 1467 634 est
1493 607 1588 634 esse
1615 598 1797 638 densum.

125 657 243 694 Unde
271 658 390 694 stella
416 658 479 694 est
505 657 672 693 densior
706 667 801 703 pars
838 658 959 694 orbis.
1010 657 1114 704 Ergo
1151 668 1242 694 cum
1267 658 1334 694 illa
1361 667 1535 703 corpora
1560 657 1641 693 sint
1664 656 1799 693 futura

125 717 356 762 perspicua,
381 716 635 762 impossibile
663 717 725 753 est
751 726 802 753 ea
829 726 924 753 esse
951 717 1072 753 clara.

266 777 298 812 7.
325 775 424 811 Item
452 776 486 811 81
511 775 579 812 illa
605 785 780 821 corpora
806 777 925 812 erunt
951 776 1071 818 clara,
1104 777 1223 813 erunt
1251 777 1344 812 actu
1370 776 1579 812 moventia
1603 775 1796 818 medium;

77 840 107 864 10
128 835 162 871 si
188 835 308 871 erunt
333 834 526 876 colorata,
567 836 686 871 erunt
711 835 988 880 potentialiter
1014 835 1223 872 moventia
1249 835 1437 877 medium,
1477 834 1571 880 quia
1599 834 1712 872 color
1735 834 1798 869 est

124 894 303 930 motivus
330 894 486 930 tantum
513 894 739 930 secundum
778 895 913 930 actum
946 894 1104 930 lucidi3.
1152 893 1258 941 Ergo
1297 894 1332 930 81
1365 893 1433 930 illa
1470 901 1643 937 corpora
1680 893 1799 928 erunt

125 953 309 989 colorata
336 954 376 988 et
402 953 522 994 clara,
551 953 670 988 erunt
694 954 886 998 respectu
913 953 1096 989 eiusdem
1124 954 1217 989 actu
1244 954 1284 989 et
1308 952 1502 998 potentia.

264 1013 296 1048 8.
322 1011 421 1048 Item
449 1011 483 1047 si
510 1012 628 1048 erunt
655 1012 776 1053 clara,
803 1013 882 1048 hoc
905 1012 1114 1048 habebunt
1135 1021 1188 1048 ex
1208 1011 1482 1048 redundantia
1501 1010 1664 1047 divinae
1686 1010 1797 1047 clari-

125 1071 219 1107 tatis
246 1071 288 1107 in
314 1072 494 1108 mentem
522 1072 563 1107 et
587 1070 628 1106 111
655 1079 831 1107 carnem.
883 1070 963 1108 Sed
995 1071 1074 1107 hoc
1103 1080 1187 1107 non
1214 1071 1383 1112 videtur,
1423 1070 1517 1115 quia
1553 1079 1670 1106 mens
1707 1070 1798 1115 ipsa

73 1135 104 1160 15
124 1130 254 1175 magis
282 1130 346 1166 est
370 1130 682 1175 proportionata
707 1129 834 1166 colori
860 1139 981 1175 quam
1006 1130 1095 1172 luci,
1123 1139 1213 1166 cum
1241 1129 1292 1166 sit
1311 1130 1408 1166 nata
1426 1129 1626 1174 perficere
1648 1138 1795 1174 corpus

123 1188 305 1231 mixtum,
333 1190 441 1234 quod
470 1190 533 1225 est
554 1189 792 1225 naturaliter
812 1198 961 1234 corpus
981 1189 1217 1225 coloratum.
1255 1189 1360 1235 Ergo
1383 1188 1418 1225 si
1438 1188 1573 1233 aliqua
1593 1187 1795 1224 serenitas

123 1249 174 1284 ab
201 1248 293 1293 ipsa
312 1248 515 1285 redundat
534 1248 576 1284 in
599 1257 776 1290 carnem,
803 1249 881 1284 hoc
902 1248 978 1284 erit
997 1248 1127 1294 magis
1149 1248 1351 1285 serenitas
1373 1247 1522 1284 coloris
1543 1257 1663 1293 quam
1682 1246 1795 1283 lucis.

124 1306 433 1353 Consequentia
457 1308 672 1353 probatur:
713 1307 840 1351 „Quia
873 1308 1084 1353 receptum
1111 1308 1175 1343 est
1200 1307 1241 1343 in
1266 1307 1493 1352 recipiente
1520 1306 1643 1343 etc.“4
1691 1305 1795 1352 Ergo

124 1366 287 1403 claritas
314 1366 451 1403 divina
476 1366 696 1412 recipietur
721 1366 762 1402 in
788 1366 924 1402 anima
941 1369 955 1408 ΙΙ
973 1367 1015 1402 ut
1042 1375 1167 1403 causa
1192 1366 1354 1408 coloris,
1380 1375 1463 1402 non
1490 1365 1731 1411 splendoris.
1818 1368 1879 1400 rol.
1899 1369 2005 1401 33va

71 1430 105 1455 ‘20
266 1427 299 1462 9.
325 1425 425 1462 Item
450 1425 648 1471 perfectio
676 1425 768 1461 viae
794 1425 972 1461 imitatur
996 1424 1292 1470 perfectionem
1311 1424 1481 1471 patriae.
1531 1424 1612 1461 Sed
1631 1424 1796 1469 propter

124 1484 406 1530 limpiditatem
433 1484 678 1531 cognitionis
715 1484 943 1520 divinorum
980 1484 1021 1520 in
1059 1484 1126 1520 via
1163 1485 1297 1521 nullus
1336 1485 1503 1530 propter
1539 1484 1617 1520 hoc
1650 1483 1794 1519 melius

124 1543 340 1584 coloratur,
364 1544 486 1580 immo
508 1544 619 1580 certe
638 1543 767 1589 peius,
795 1543 890 1589 quia
916 1544 1109 1589 scriptum
1136 1545 1200 1580 est
1218 1544 1341 1580 Eccte.
1357 1544 1410 1585 12,
1425 1544 1536 1586 <12>t
1563 1542 1794 1587 „Frequens

124 1603 333 1639 meditatio
361 1603 496 1639 carnis
533 1604 597 1639 est
631 1602 832 1639 afflictio“.
882 1602 930 1638 Et
968 1602 1119 1639 Poeta
1151 1603 1266 1640 dicit:
1303 1602 1423 1639 Forte
1458 1603 1588 1639 mater
1624 1601 1794 1647 pallens,

123 1662 331 1708 Incompto
359 1662 470 1699 crine
497 1661 702 1709 magister.
752 1661 857 1708 Ergo
885 1662 960 1698 etc.

71 1725 105 1751 25
267 1722 320 1758 10.
347 1721 447 1758 Item
474 1721 509 1758 si
533 1721 668 1757 futura
694 1721 775 1757 sint
800 1721 921 1763 clara,
960 1731 1127 1767 quaero,
1163 1722 1271 1757 unde
1307 1722 1385 1757 hoc
1417 1719 1657 1766 colligatur?
1706 1720 1795 1756 Non

124 1780 204 1817 nisi
230 1790 283 1817 ex
308 1781 424 1817 textu
449 1781 702 1826 Scripturae.

265 1839 434 1876 Contra:
474 1840 515 1877 Si
550 1849 603 1876 ex
637 1840 765 1876 verbo
802 1839 963 1876 Domini
998 1840 1198 1876 dicentis5
1234 1839 1481 1885 „Fulgebunt
1505 1838 1600 1875 iusti
1626 1839 1722 1874 etc.“
1753 1857 1792 1863 —-

125 1898 296 1935 Contra:
322 1899 501 1935 Ibidem⁶
527 1899 670 1936 dicitur
696 1894 930 1935 immediate
956 1899 1052 1935 ante
1081 1899 1233 1943 „Mittet
1260 1908 1332 1935 eos
1359 1898 1400 1934 in
1427 1897 1628 1934 caminum
1653 1896 1792 1943 ignis“.

125 1957 288 1994 Certum
315 1958 379 1994 est
404 1958 513 2003 quod
540 1958 722 1994 caminus
749 1968 833 1994 non
860 1957 936 1994 erit
961 1958 1016 1994 ibi
1047 1958 1126 1994 nisi
1157 1957 1430 1997 similitudine,
1468 1956 1653 2002 quamvis
1688 1955 1792 2002 ignis

71 2023 106 2048 30
124 2016 180 2053 1111
198 2016 359 2063 futurus
378 2017 430 2053 sit
449 2027 559 2054 vere.
597 2017 702 2062 Ergo
723 2026 801 2053 nec
823 2017 1018 2062 splendor
1038 2017 1184 2053 solaris
1205 2017 1281 2053 erit
1300 2016 1355 2053 ibi
1374 2016 1453 2052 nisi
1475 2014 1792 2060 methaphorice,

125 2076 230 2113 sicut
254 2076 444 2119 <dicitur>
470 2076 589 2113 Eceli.
617 2077 671 2118 26,
691 2077 802 2119 <21>:
842 2075 975 2120 „Sicut
1010 2076 1071 2113 sol
1107 2076 1245 2113 oriens
1272 2075 1312 2112 in
1338 2075 1489 2111 mundo
1515 2074 1556 2110 in
1583 2074 1792 2116 altissimo,

125 2135 185 2172 sic
210 2134 389 2172 mulieris
416 2136 551 2172 bonae
578 2135 739 2181 species
766 2135 807 2171 in
845 2136 1129 2172 ornamentum
1166 2136 1311 2172 domus
1350 2135 1485 2170 suae“.
1534 2133 1581 2169 Et
1605 2134 1661 2175 27,
1681 2133 1792 2176 <12>ῖ

127 2195 278 2239 „Homo
305 2196 471 2231 sanctus
495 2195 537 2231 in
563 2194 766 2240 sapientia
791 2195 929 2231 manet
955 2194 1059 2231 sicut
1085 2195 1181 2231 sol“.

266 2255 320 2290 11.
345 2254 445 2290 Item
482 2253 694 2300 apostolus
732 2253 854 2290 istam
890 2253 1115 2290 claritatem
1152 2263 1236 2289 non
1275 2252 1479 2298 significat
1512 2251 1591 2287 nisi
1626 2250 1792 2287 nomine

72 2323 107 2348 35
127 2313 332 2350 communi
355 2313 382 2349 Ι.
409 2313 498 2350 Cor.
525 2314 580 2355 15,
599 2313 710 2355 <43>;
749 2312 1002 2357 „Seminatur
1027 2312 1069 2349 in
1094 2311 1359 2358 ignobilitate,
1398 2311 1537 2356 surget
1561 2310 1602 2364 in
1627 2309 1790 2356 gloria“.

266 2442 284 2474 4
311 2441 395 2481 sint]
421 2442 473 2474 sic
558 2441 577 2473 6
605 2440 700 2480 0880]
728 2438 889 2480 extra(‘?)
974 2440 993 2472 8
1019 2439 1130 2479 clara]
1157 2441 1318 2473 colorata
1342 2439 1376 2475 —l-
1399 2440 1487 2472 Item
1507 2439 1538 2471 si
1556 2439 1619 2471 illa
1637 2447 1792 2479 corpora

126 2496 198 2529 sint
222 2496 342 2528 futura
366 2495 572 2536 perspicua,
597 2494 822 2535 impossibile
848 2495 905 2526 est
929 2502 974 2526 ea
999 2502 1082 2526 esse
1108 2494 1270 2526 colorata
1351 2493 1391 2525 11
1418 2491 1586 2531 motivas]
1611 2492 1790 2525 motivuus

127 2549 169 2582 22
197 2547 252 2588 12]
280 2548 321 2580 13
417 2548 460 2580 31
487 2546 675 2586 altissimo]
701 2547 747 2579 ab
772 2547 804 2580 d.

266 2677 279 2700 1
305 2678 375 2711 Cir.
401 2677 545 2717 Arist„
570 2678 623 2711 De
648 2678 782 2710 anima
805 2677 844 2717 ΙΙ,
872 2678 902 2710 7.
1043 2676 1058 2699 2
1083 2678 1168 2719 Pag.
1199 2678 1274 2717 126,
1302 2678 1354 2710 11.

266 2736 281 2759 3
304 2736 578 2770 Aristoteles
603 2737 625 2769 l.
652 2745 682 2769 c.
722 2733 834 2776 „Hozv
860 2733 900 2767 δὲ
924 2737 1056 2779 χρῶμα
1082 2735 1273 2778 κινητικόν
1297 2735 1373 2767 ἐστι
1399 2737 1461 2766 τοῦ
1493 2734 1570 2766 κατ’
1600 2735 1792 2779 ἐνέργειαν

129 2787 346 2833 διαφανοῦς,
381 2787 444 2820 καὶ
479 2787 574 2820 τοῦτ’
608 2783 708 2820 ἔστιν
741 2788 855 2820 αὐτοῦ
889 2789 912 2830 ἡ
948 2787 1068 2831 φύσις·
1105 2786 1234 2831 διόπερ
1267 2787 1338 2830 οὐχ
1372 2787 1503 2830 ὁρατὸν
1535 2786 1626 2819 ἄνευ
1662 2787 1789 2831 φωτός,

129 2839 233 2874 ἀλλὰ
259 2844 336 2873 πᾶν
361 2841 399 2874 τὸ
424 2841 578 2874 ἑκάστον
602 2843 734 2885 χρῶμα
759 2842 801 2873 ἐν
828 2840 921 2885 φωτὶ
947 2840 1109 2885 ὁρατὸν.“

266 2900 282 2923 4
308 2902 529 2942 „Receptum
554 2901 610 2934 est
634 2901 670 2933 in
694 2901 894 2942 recipiente
919 2900 1116 2933 secundum
1140 2900 1284 2932 modum
1308 2898 1537 2940 recipientis“
1565 2900 1621 2932 est
1645 2899 1791 2932 axioma

129 2954 327 2987 secundum
350 2955 480 2987 librum
504 2954 557 2987 De
582 2954 708 2987 causis
732 2952 850 2994 (prop.
880 2953 932 2993 10,
960 2954 1013 2993 12,
1040 2953 1094 2992 20,
1121 2952 1190 2993 24).
1241 2953 1310 2985 Cir.
1336 2952 1566 2992 Boethius,
1592 2952 1645 2985 De
1671 2952 1788 2992 Coras„

128 3015 225 3047 pros.
253 3007 290 3046 4;
316 3007 487 3047 Bonav„
517 3007 582 3048 Op.
609 3015 707 3039 omn.
733 3006 772 3046 II,
800 3006 864 3039 361
891 3007 962 3039 not.
990 3006 1021 3038 3.

269 3065 284 3088 5
310 3065 441 3099 Matth.
469 3066 522 3105 13,
544 3066 597 3099 43.
738 3064 753 3086 ⁶
777 3065 907 3098 Matth.
935 3065 988 3105 13,
1009 3065 1063 3098 42.
