2095 3459
301 204 346 237 88
797 205 819 237 J
821 204 972 237 ohannis
997 205 1165 237 Pechami
1190 205 1441 242 Quaestiones.

439 302 471 336 6.
506 300 567 336 Ad
602 301 762 336 sextum
796 300 1012 336 dicendum
1047 301 1155 345 quod
1187 301 1292 337 fides
1327 301 1560 347 intelligitur
1591 311 1664 347 per
1689 302 1962 338 actualitatem

302 369 326 395 a
350 368 395 394 se
422 368 673 403 expressam.
724 359 805 395 Sed
831 359 898 395 illa
923 359 1074 404 specie,
1111 359 1205 405 quia
1238 361 1427 396 movetur
1459 361 1510 396 ad
1547 362 1674 402 extra,
1710 370 1792 396 non
1818 361 1883 396 est
1906 360 1963 396 in—

302 417 519 463 telligibilis
555 419 597 453 ut
633 417 848 459 obiectum,
886 419 1053 463 propter
1086 418 1287 454 rationem
1322 419 1471 454 tactam
1497 419 1537 455 in
1564 419 1767 455 solutione
1793 418 1963 455 secundi

302 476 540 522 argumenti.

441 536 472 570 7.
493 535 555 571 Ad
570 535 786 580 septimum
800 536 1017 572 dicendum
1031 536 1140 581 quod
1155 536 1416 581 cognoscitur
1429 536 1680 582 intelligibile
1695 546 1768 581 per
1783 535 1963 580 speciem
1981 541 1998 567 5

303 594 628 636 intellectualem,
666 594 706 630 in
744 596 938 639 quantum
966 596 1029 630 est
1067 594 1296 630 similitudo.
1345 594 1393 630 Et
1429 595 1481 630 ad
1515 595 1594 631 hoc
1629 595 1736 640 quod
1773 594 1963 631 obicitur:

305 652 429 698 „Ergo
456 653 839 699 praecognoscitur“
868 653 1007 689 similis
1036 655 1099 689 est
1123 653 1352 698 responsio.
1402 653 1502 689 Dico
1529 654 1637 698 quod
1663 663 1746 689 non
1773 653 1964 698 sequitur.

303 711 373 747 Est
399 711 506 747 enim
533 711 682 757 duplex
709 712 907 757 cognitio:
946 712 1119 757 simplex
1144 721 1217 757 per
1243 712 1546 753 contuitionem,
1574 714 1614 748 et
1641 712 1868 757 composita
1892 721 1966 756 per

304 771 597 806 collectionem.
645 771 689 807 In
716 771 843 815 primo
869 781 1023 817 genere
1052 771 1294 818 cognitionis
1315 771 1442 806 virtus
1470 771 1675 817 cognitiva
1701 771 1847 807 eodem
1873 771 1965 806 actu

304 830 552 865 convertitur
579 839 701 875 super
727 830 907 874 speciem
934 831 974 866 et
1000 839 1123 876 super
1147 830 1242 866 illud
1269 829 1382 866 cuius
1411 831 1483 866 est.
1533 830 1576 865 In
1603 830 1785 866 secundo
1812 838 1966 875 genere
1988 834 2019 859 10

305 889 464 933 oportet
490 898 856 934 praecognoscere.

442 947 506 984 Ad
540 950 730 984 octavum
765 958 895 993 usque
932 948 989 983 ad
1025 948 1233 984 decimum
1268 950 1468 992 quartum
1506 950 1806 992 aryumentum
1843 956 1967 992 quae-

305 1007 454 1044 stionis
480 1009 647 1042 octavae
673 1007 820 1042 desunt
845 1007 1084 1042 solutiones.

444 1066 545 1103 Item
572 1066 678 1103 deest
703 1066 921 1112 responsio
948 1066 1005 1102 ad
1029 1066 1317 1112 quaestionem
1344 1075 1514 1102 nonam.

919 1274 1226 1334 Quaestio
1264 1274 1335 1325 X.
1993 1289 2022 1314 15

337 1409 574 1454 Quaeritur
614 1408 667 1448 de
709 1409 960 1459 cognitione
1002 1408 1176 1447 animae
1214 1408 1465 1457 separatae,
1508 1406 1699 1456 qualiter
1736 1406 1941 1447 videlicet

337 1482 579 1530 cognoscat
610 1479 911 1529 particularia,
944 1480 1092 1519 utrum
1123 1489 1203 1528 per
1228 1478 1317 1517 vim
1349 1477 1607 1517 sensitivam
1640 1479 1716 1517 aut
1748 1488 1828 1527 per
1852 1477 1941 1517 vim

952 1549 1264 1589 intellectivam
1284 1543 1309 1588 ¹.

237 1659 283 1695 Α,
573 1645 624 1681 Et
649 1646 772 1690 quod
798 1645 1029 1681 mediante
1054 1645 1098 1680 vi
1125 1644 1340 1680 sensitiva
1367 1643 1707 1679 ostendebatur.

448 1730 477 1763 1.
505 1728 690 1764 Probatio
719 1729 781 1764 est
807 1728 901 1773 quia
926 1728 1022 1764 dicit
1047 1727 1370 1773 Augustinus,
1399 1726 1456 1761 De
1475 1725 1643 1770 Spiritu·
1659 1728 1696 1761 σε
1715 1726 1872 1761 Anima
1893 1725 1970 1762 VII.
1990 1736 2024 1761 20

309 1790 438 1832 cap.2:
467 1787 656 1830 „Recedit
681 1787 816 1823 anima
842 1796 981 1823 secum
1007 1787 1173 1822 trahens
1201 1786 1356 1822 omnia:
1382 1784 1725 1831 imaginationem,
1759 1784 1970 1826 rationem,

309 1846 555 1882 intellectum
582 1847 621 1882 et
647 1845 966 1891 intelligentiam,
993 1844 1435 1890 concupiscibilitatem,
1467 1843 1796 1880 irascibilitatem.
1844 1843 1892 1879 Et
1918 1853 1972 1879 ex

309 1905 369 1940 his
391 1905 615 1941 secundum
635 1905 779 1941 merita
798 1904 971 1940 afficitur
990 1904 1042 1940 ad
1063 1903 1378 1940 delectationem
1399 1904 1439 1938 et
1458 1903 1509 1939 ad
1531 1903 1759 1938 dolorem.“.
1786 1902 1868 1938 Sed
1888 1912 1972 1938 non

310 1964 373 1999 est
409 1963 626 1999 delectatio
662 1963 751 1999 sine
786 1963 915 2009 prima
949 1962 1290 2008 apprehensione.
1350 1961 1455 2007 Ergo
1492 1961 1527 1997 si
1561 1961 1785 1997 secundum
1826 1970 1972 1997 concu—

309 2022 606 2068 piscibilitatem
634 2023 674 2058 et
698 2022 929 2059 huiusmodi
955 2022 1180 2058 delectatur
1204 2021 1270 2057 vel
1297 2021 1418 2061 dolet,
1447 2029 1545 2066 ergo
1573 2021 1613 2056 et
1638 2019 1917 2065 apprehendit.
1991 2028 2025 2053 25

448 2082 479 2117 2.
506 2081 605 2117 Item
625 2081 738 2117 iuxta
758 2082 836 2117 hoc
852 2081 926 2117 fuit
945 2081 1239 2126 argumentum,
1260 2080 1368 2124 quod
1388 2079 1524 2115 anima
1544 2088 1569 2115 a
1588 2088 1760 2124 corpore
1782 2080 1974 2123 separata

310 2140 457 2185 patitur
482 2140 523 2175 in
548 2140 742 2184 passione
770 2140 963 2176 sensibili.
1001 2139 1106 2185 Ergo
1133 2140 1256 2175 habet
1280 2148 1420 2175 secum
1441 2147 1620 2179 sensum,
1646 2138 1795 2173 tactum
1817 2137 1973 2174 saltem.

309 2198 356 2234 Et
383 2199 528 2234 eadem
553 2199 711 2234 ratione
738 2198 841 2235 alios
868 2208 1028 2235 sensus.

449 2258 480 2293 3.
519 2257 617 2293 Item
653 2257 1000 2298 Cassiodorus,
1036 2256 1099 2292 IV.
1135 2256 1335 2301 capitulo³
1372 2255 1431 2291 De
1467 2255 1646 2292 Anima:
1685 2254 1852 2298 „Anima
1882 2255 1975 2299 post

310 2316 427 2352 huius
460 2316 613 2352 saeculi
638 2317 903 2352 amissionem
928 2315 1049 2357 videt,
1087 2315 1199 2351 audit
1233 2315 1273 2350 et
1307 2313 1467 2359 attingit
1500 2323 1549 2349 ac
1582 2313 1748 2358 reliquis
1783 2312 1974 2349 sensibus
1994 2321 2028 2346 30

311 2374 517 2410 efficacius
546 2375 675 2416 utitur,
702 2385 785 2410 non
805 2375 884 2411 iam
906 2384 959 2411 ex
978 2374 1159 2420 partibus
1181 2373 1268 2409 eius
1290 2373 1355 2409 hic
1375 2366 1592 2409 intellectis
1613 2372 1680 2408 vel
1699 2371 1974 2417 inteHigendis

105 2442 165 2474 rol,
189 2444 257 2475 28r
271 2443 290 2475 b
311 2433 384 2469 sed
400 2433 536 2469 omnia
550 2433 810 2478 spiritualiter
825 2443 878 2469 ex
892 2434 977 2470 toto
992 2442 1261 2479 cognoscens,
1280 2431 1459 2476 alioquin
1479 2431 1699 2467 absurdum
1720 2431 1784 2467 est
1800 2432 1814 2472 ΙΙ
1831 2430 1975 2475 putare

452 2531 470 2563 2
498 2531 531 2570 a]
558 2533 603 2564 ad
676 2532 717 2564 28
745 2530 887 2570 sensus]
918 2530 953 2567 ψ
978 2531 1065 2563 Item
1091 2530 1405 2563 Cassiodorus.
1433 2529 1484 2561 De
1507 2529 1666 2561 Anima:
1695 2528 1845 2567 „Anima
1870 2536 1976 2568 sepa-

312 2585 391 2617 rata
416 2585 591 2626 intelligit,
627 2585 736 2617 sentit
758 2586 794 2617 et
819 2584 916 2616 videt
941 2585 1008 2616 etc.
1043 2583 1255 2616 huiusmodi.
1307 2583 1461 2615 Causam
1487 2590 1574 2614 vero
1600 2582 1705 2613 huius
1731 2581 1890 2613 subdens
1917 2580 1975 2614 ait,

315 2637 399 2677 quia
424 2637 617 2670 absurdum
644 2638 699 2670 est
724 2638 840 2669 minus
866 2645 978 2678 posse
1004 2636 1159 2669 animam
1184 2637 1392 2676 separatam
1421 2643 1528 2675 quam
1553 2635 1646 2667 mole
1665 2633 1828 2674 corporis
1847 2641 1977 2674 aggra-

312 2695 466 2728 vatam.“
503 2696 574 2728 Sed
592 2696 674 2728 vide
694 2704 814 2737 supra
839 2697 861 2728 3
944 2696 985 2728 31
1013 2694 1270 2736 intelligendis]
1295 2678 1487 2727 intellectis
1578 2693 1620 2726 32
1647 2692 1788 2734 putare]
1820 2693 1908 2733 puta
1934 2691 1977 2724 de

452 2790 464 2812 1
491 2791 560 2823 Cir.
587 2792 790 2829 Thomas,
817 2791 853 2823 L.
881 2790 938 2828 IV,
966 2790 999 2822 d.
1027 2791 1081 2828 50,
1109 2799 1142 2830 q.
1164 2791 1194 2827 1,
1222 2791 1292 2822 art.
1310 2790 1345 2827 1;
1372 2789 1424 2821 De
1443 2788 1558 2827 Verit„
1580 2797 1613 2828 q.
1628 2787 1683 2826 IX,
1698 2787 1763 2819 art.
1780 2786 1816 2824 2;
1846 2785 1976 2825 Quodl.

315 2843 382 2882 XII,
411 2845 475 2876 art.
506 2844 543 2876 11
573 2842 621 2884 (q.
650 2841 704 2885 7);
730 2844 902 2882 Scotus,
933 2843 996 2875 Osc.
1023 2842 1079 2881 IV,
1106 2843 1138 2874 d.
1166 2843 1218 2881 45,
1247 2851 1279 2882 q.
1307 2842 1343 2879 2;
1377 2841 1646 2874 Godeiridus
1673 2840 1722 2872 de
1748 2838 1977 2877 Fontibus,

317 2896 448 2935 Quodl.
475 2897 513 2935 II,
542 2906 574 2937 q.
602 2898 636 2936 5;
662 2897 718 2936 IV,
747 2906 778 2937 q.
809 2898 844 2935 1;
883 2896 1217 2935 Monteiortino,
1243 2895 1297 2934 ΙΙΙ,
1324 2894 1390 2926 245
1410 2900 1534 2936 seqq.;
1572 2894 1743 2931 Bonav.,
1773 2892 1837 2933 Op.
1866 2899 1976 2930 omn„

313 2949 368 2988 IV,
398 2949 484 2982 1044
506 2958 608 2989 seqq.

452 3001 466 3023 2
493 3011 521 3034 c.
545 3003 586 3034 15
612 3001 682 3042 (PL
709 3003 762 3041 40,
790 3000 888 3041 791);
915 3002 976 3034 cir.
1004 3010 1034 3034 c.
1062 3001 1104 3034 30
1130 2999 1192 3039 (ib.
1221 2999 1313 3039 800).

451 3053 466 3075 3
491 3055 542 3088 De
566 3054 714 3094 Anima,
741 3064 769 3087 c.
797 3056 816 3087 2
843 3052 914 3093 (PL
939 3054 993 3094 70,
1022 3054 1109 3086 1286
1136 3052 1188 3093 C).
