2095 3459
653 201 825 241 Quaestio
853 204 1005 237 XXXVII
1033 207 1068 238 et
1095 204 1230 237 XXXV.
1709 198 1771 235 211

627 327 936 388 Quaestio
976 328 1242 380 XXXVII.

247 449 352 490 Item
388 450 618 500 quaeritur
650 450 705 490 de
738 453 1001 501 argumento
1036 451 1336 501 Augustini,
1372 451 1491 500 quod
1524 451 1628 490 iacit

449 521 801 572 Augustinus,
834 522 899 561 De
937 522 1060 561 T‘rin.
1094 522 1178 570 IX.‚
1213 532 1311 571 cap.
1347 517 1413 561 4¹.

694 611 907 656 Arguitur
933 611 1053 647 enlm
1081 611 1169 647 sic:
1803 609 1850 645 A.

235 688 385 724 Notitia
411 689 451 723 et
477 697 592 723 amor
618 688 918 733 protenduntur
944 689 1047 724 ultra
1079 688 1308 724 subiectum
1342 698 1470 729 suum,
1509 688 1605 733 quia
1635 697 1776 723 amore

95 757 175 792 quo
213 757 258 783 se
297 748 416 789 amat,
452 748 590 792 potest
627 756 766 783 amare
792 747 872 783 alia
898 757 923 783 a
950 757 1007 789 se,
1042 749 1083 783 et
1109 747 1346 793 cognitione
1374 757 1643 793 cognoscere.
1695 747 1777 783 Sed

96 807 247 842 nullum
285 806 479 843 accidens
517 807 681 842 excedit
714 807 940 842 subiectum
969 816 1097 842 suum.
1147 806 1253 852 Ergo
1280 807 1384 842 haec
1410 807 1504 842 sunt
1530 806 1657 842 menti
1684 816 1778 842 con-

97 865 394 902 substantialia.

295 948 392 985 Hoc
421 950 739 994 argumentum
767 948 946 984 videtur
973 948 1175 984 deiicere
1204 949 1385 984 duobus
1412 948 1582 984 modis:

47 1041 77 1064 ιο
239 1029 269 1062 1.
295 1026 427 1063 Primo
455 1026 550 1071 quia
571 1026 749 1071 cognitio
779 1027 842 1062 est
868 1027 1000 1061 motus
1026 1027 1077 1062 ad
1104 1026 1292 1067 animam,
1320 1026 1527 1071 appetitus
1549 1027 1705 1061 tantum
1726 1026 1778 1061 ab

97 1086 233 1122 anima
245 1085 268 1121 ².
317 1085 423 1131 Ergo
450 1086 490 1121 in
518 1085 754 1131 cognitione
783 1085 921 1121 deficit
947 1086 1243 1131 argumentum.

238 1146 269 1181 2.
290 1145 389 1182 Item
411 1145 534 1181 etiam
556 1145 590 1180 si
610 1145 803 1181 accidens
825 1154 908 1180 non
930 1145 1094 1180 excedit
1114 1144 1353 1185 subiectum,
1380 1145 1437 1180 ita
1457 1154 1535 1180 nec
1550 1144 1779 1180 subiectum

99 1204 264 1241 excedit
301 1212 347 1240 se
385 1204 529 1249 ipsum.
579 1203 684 1250 Ergo
725 1204 828 1239 sicut
866 1204 944 1240 hoc
982 1204 1223 1249 argumento
1263 1204 1410 1249 probat
1441 1205 1547 1240 haec
1573 1214 1656 1240 non
1684 1213 1779 1239 esse

99 1264 340 1305 accidentia,
366 1263 424 1300 ita
450 1264 626 1308 probare
653 1264 791 1308 potest
818 1273 900 1299 non
929 1272 1023 1299 esse
1051 1263 1280 1299 subiectum
1307 1264 1386 1299 hoc
1412 1263 1672 1299 accidentis&

49 1359 80 1383 15
294 1347 550 1392 Responsio
577 1347 662 1388 <ad
689 1347 1009 1391 quaestionem
1034 1346 1317 1383 tricesimam
1344 1347 1586 1391 quintam>.
1793 1348 1993 1385 C.XXXV.

240 1424 303 1465 Ad
339 1424 511 1469 primam
547 1423 834 1468 quaestionem
870 1423 1008 1459 dicunt
1043 1423 1207 1468 quidam
1235 1424 1344 1468 quod
1370 1433 1487 1459 mens
1516 1424 1597 1459 stat
1623 1423 1679 1459 ibi
1706 1433 1779 1468 pro

101 1492 295 1528 suprema
320 1483 484 1518 animae
510 1482 707 1527 potentia,
738 1492 818 1527 qua
844 1491 890 1518 se
918 1484 958 1518 et
983 1482 1114 1518 Deum
1141 1483 1372 1528 cognoscit;
1399 1483 1546 1519 notitia
1571 1492 1672 1519 vero
1701 1484 1782 1518 stat

100 1552 174 1588 pro
214 1542 507 1583 accidentibus,
547 1551 630 1577 non
668 1550 741 1586 pro
778 1541 997 1577 habitibus.
1056 1541 1137 1577 Sed
1174 1542 1254 1578 hoc
1293 1543 1356 1577 est
1392 1541 1543 1578 falsum
1570 1543 1610 1577 et
1637 1542 1782 1578 contra

101 1600 448 1646 Augustinum‚
487 1600 557 1645 qui
596 1600 690 1636 dicit
728 1601 837 1645 quod
878 1600 1022 1636 notitia
1060 1602 1101 1636 et
1135 1610 1262 1642 amor,
1300 1601 1342 1636 in
1368 1600 1516 1646 quibus
1544 1602 1608 1637 est
1634 1600 1781 1647 imago,

50 1670 83 1695 20
104 1661 198 1696 sunt
224 1659 548 1696 substantialiter
573 1660 681 1695 idem
708 1660 817 1704 quod
846 1662 997 1695 mens4.

241 1719 468 1755 Dicendum
505 1718 626 1764 igitur
665 1719 773 1763 quod
811 1728 929 1754 mens
970 1720 1050 1755 stat
1084 1719 1148 1755 hic
1186 1729 1259 1764 pro
1288 1719 1519 1755 substantia
1545 1719 1708 1755 animae
1736 1728 1781 1754 se

103 1779 381 1824 cognoscente
421 1778 462 1813 et
499 1779 675 1818 amante,
715 1777 860 1813 notitia
898 1779 939 1813 et
976 1787 1091 1813 amor
1128 1788 1202 1823 pro
1241 1778 1459 1814 habitibus.
1518 1778 1637 1814 Unde
1672 1777 1784 1822 prior

103 1837 329 1882 assignatio
356 1837 396 1872 in
420 1837 614 1882 potentiis
642 1837 706 1873 est
729 1836 1041 1873 convenientior
1067 1847 1188 1882 quam
1215 1838 1295 1873 ista
1320 1838 1361 1873 in
1389 1837 1622 1873 substantia
1649 1830 1688 1873 et
1714 1837 1783 1872 ha-

103 1896 251 1932 bitibus
278 1897 320 1932 et
344 1906 418 1941 per
450 1896 769 1932 conversionem
796 1896 958 1933 animae
990 1896 1032 1932 in
1059 1906 1105 1932 se
1141 1896 1286 1941 ipsam.
1338 1896 1529 1933 Secunda
1554 1898 1692 1932 autem
1720 1897 1784 1931 est

50 1965 84 1990 05
103 1955 144 1991 in
179 1956 342 1991 animae
377 1955 572 2000 potentiis
608 1956 648 1991 et
682 1965 756 2000 per
783 1956 1133 2001 comparationem
1158 1956 1210 1992 ad
1237 1955 1379 1992 Deum.
1429 1955 1477 1991 Et
1502 1956 1596 1991 ideo
1624 1955 1694 1991 Au
1704 1965 1784 2001 gu-

105 2014 204 2050 stin
219 2024 274 2050 us
300 2014 430 2059 primo
456 2014 571 2059 ponit
596 2015 715 2050 istam
741 2014 845 2050 sicut
871 2016 913 2050 ut
939 2015 1184 2060 completam
1212 2016 1253 2051 et
1279 2015 1456 2060 complet
1481 2015 1522 2050 in
1549 2015 1629 2050 alia
1654 2014 1784 2050 inten-

103 2074 258 2110 tionem
296 2083 422 2110 suam.
473 2073 720 2119 Magister
753 2083 852 2110 vero
889 2074 1003 2119 ponit
1040 2074 1162 2110 istam
1188 2074 1358 2110 ultimo-5
1397 2074 1502 2110 sicut
1527 2074 1661 2110 minus
1689 2083 1784 2109 con-

103 2133 350 2169 venientem.

244 2192 327 2228 Nec
362 2192 472 2228 valet
507 2194 790 2238 argumentum
827 2193 1082 2237 quorundam
1109 2193 1330 2229 dicentium
1357 2193 1466 2237 quod
1494 2192 1673 2237 cognitio
1700 2202 1784 2228 non

52 2260 85 2284 30
106 2252 187 2286 stat
212 2261 287 2296 pro
311 2250 451 2287 habitu
477 2251 553 2292 hic,
591 2251 686 2296 quia
711 2252 848 2287 anima
874 2261 957 2287 non
983 2251 1138 2297 indiget
1163 2251 1304 2287 habitu
1330 2252 1381 2287 ad
1409 2261 1455 2287 se
1481 2251 1783 2296 requirendam.

105 2309 193 2345 Stat
219 2310 327 2346 enim
353 2309 419 2345 hic
445 2319 518 2354 pro
540 2310 679 2346 habitu
698 2310 883 2349 naturali.
911 2311 988 2355 qui,
1016 2312 1059 2346 ut
1073 2320 1198 2355 supra
1217 2310 1379 2355 patuit⁶‚
1406 2310 1505 2345 nihil
1525 2310 1638 2346 addit
1659 2319 1784 2354 supra

104 2369 330 2413 potentiam
351 2369 608 2414 cognitivam,
636 2369 740 2405 sicut
760 2379 839 2405 nec
864 2378 979 2405 amor
1006 2379 1129 2414 supra
1154 2368 1381 2414 potentiam
1401 2369 1633 2410 amativam,
1659 2368 1782 2404 immo

106 2437 152 2463 se
177 2428 301 2463 habet
327 2428 377 2463 ad
414 2437 505 2463 eam
542 2428 647 2463 sicut
681 2428 857 2472 quiditas
893 2429 944 2464 ad
980 2428 1019 2464 id
1056 2428 1170 2464 cuius
1209 2428 1282 2469 est,
1322 2428 1427 2463 sicut
1462 2428 1695 2463 humanitas
1731 2427 1783 2463 ad

105 2486 322 2522 hominem.

52 2552 86 2576 35
244 2544 292 2580 Et
318 2545 352 2581 si
379 2545 533 2581 obicias
561 2546 670 2590 quod
702 2547 785 2583 tres
825 2547 919 2581 sunt
956 2546 1116 2582 habitus
1157 2546 1261 2581 sicut
1298 2546 1382 2581 tres
1420 2544 1643 2589 potentiae,
1684 2554 1782 2590 ergo

107 2604 358 2648 quaternitas
383 2604 424 2640 in
449 2604 511 2640 his
539 2605 684 2647 tribus;
710 2605 963 2650 respondeo:
991 2605 1084 2649 Ipsa
1109 2605 1272 2640 animae
1294 2604 1525 2640 substantia
1544 2613 1618 2648 per
1639 2613 1685 2639 sc
1707 2603 1784 2639 sibi

106 2663 404 2707 praesentatur.
454 2662 572 2699 Unde
599 2663 690 2710 ipsa
718 2665 832 2699 tenet
856 2664 991 2699 locum
1017 2663 1178 2700 habitus
1205 2663 1442 2698 memoriae.

244 2721 293 2756 Et
319 2721 377 2757 sic
403 2722 515 2766 patet
540 2723 592 2758 ad
620 2722 756 2758 omnia
782 2731 888 2767 quae
916 2722 1078 2758 obiecta
1104 2723 1208 2757 sunt.

247 2820 266 2851 3
294 2818 326 2858 4]
353 2819 372 2851 3
449 2820 489 2852 18
517 2819 660 2858 falsum]
686 2820 739 2852 sic
759 2821 962 2859 eorriyc'tur
980 2820 1021 2852 in
1047 2819 1240 2858 margin&
1265 2819 1305 2850 in
1331 2820 1430 2850 textu
1458 2818 1618 2851 deletur:
1643 2819 1783 2851 subiec-

107 2874 181 2905 tum
277 2872 319 2904 24
347 2871 524 2911 Secunda]
551 2873 621 2904 ista
646 2882 729 2905 cam
756 2875 971 2905 correctura

247 2965 258 2987 ¹
285 2966 341 2998 PL
367 2966 420 3005 42,
447 2966 512 2998 963
539 2976 572 2998 n.
602 2967 631 2998 5.
720 2971 729 2980 ·
772 2967 787 2988 2
813 2967 882 2998 Cfr.
910 2967 1080 3004 Bonav.‚
1111 2966 1176 3006 Op.
1205 2974 1304 2997 omn.
1332 2965 1355 3003 I,
1384 2965 1459 3003 562,
1487 2967 1559 2997 not.
1589 2965 1640 2997 10.

179 3041 184 3045 -
246 3018 261 3040 3
287 3018 422 3050 Solutio
447 3019 600 3050 habetur
624 3028 659 3059 p.
687 3019 764 3051 212.
908 3019 921 3040 4
947 3019 1120 3051 Videatur
1146 3027 1258 3058 supra
1284 3027 1367 3059 pag.
1396 3018 1473 3056 203,
1501 3019 1572 3050 not.
1600 3018 1630 3050 2.

247 3071 261 3092 5
287 3072 455 3108 Bonav.‚
486 3071 551 3112 Op.
579 3080 677 3104 omn.
705 3072 727 3110 I,
756 3073 811 3111 65,
839 3081 869 3104 a.
1012 3071 1026 3093 ⁶
1052 3072 1196 3104 Scilicet
1223 3080 1255 3111 q.
1282 3071 1400 3109 XXXI,
1430 3071 1465 3109 C,
1493 3080 1527 3110 p.
1556 3071 1621 3102 202
1643 3079 1671 3103 s.

1573 3129 1642 3161 14*
