2095 3459
319 198 385 233 200
828 202 1005 234 Johannis
1032 202 1199 235 Pechami
1226 202 1477 239 Quaestiones.

455 297 487 332 3.
514 295 612 332 Item
639 297 928 334 universaIIter
952 298 1137 343 potentia
1163 299 1227 335 est
1251 299 1293 335 in
1319 300 1503 336 secunda
1529 299 1668 344 specie
1695 299 1898 344 qualitatis
1926 309 1985 334 se-

318 355 493 391 cundum
518 354 683 391 Philos
697 356 874 401 ophum
889 359 913 392 1.

455 414 487 449 4.
514 413 614 450 Item
640 414 771 450 omnis
799 424 925 451 causa
951 415 1187 452 immediata
1219 417 1283 452 est
1316 416 1481 452 effectui
1507 426 1581 452 suo
1609 416 1761 452 similis.
1819 415 1899 452 Sed
1918 425 1986 461 po-

317 472 444 508 tentia
470 473 534 508 est
560 482 686 508 causa
710 473 946 510 immediata
966 474 1229 519 operationis.
1267 474 1372 520 Ergo
1394 485 1485 511 cum
1506 475 1689 520 operatio
1712 475 1763 510 sit
1782 475 1985 515 accidens,

319 532 359 566 et
383 530 569 576 potentia
595 531 670 567 erit
696 532 900 568 accidens.
2006 542 2022 567 5

457 591 488 625 5.
522 590 621 626 Item
648 600 823 636 corpora
847 592 974 638 agunt
998 601 1073 637 per
1099 602 1195 629 suas
1223 593 1440 638 qualitates
1466 593 1634 631 activas.
1684 592 1731 629 Et
1757 593 1901 629 eadem
1927 601 1987 627 ra-

318 648 429 685 tIOne
457 648 631 694 spiritus.

1064 698 1243 737 Contra.

457 774 487 808 1.
514 773 837 819 Augustinus,
864 774 922 810 De
953 775 1060 811 Trin.
1089 785 1174 820 cap.
1200 777 1269 811 42:
1296 777 1442 819 „Amor
1468 777 1509 812 et
1528 776 1672 812 notitia
1691 785 1774 812 non
1795 777 1988 821 tanquam

318 831 358 867 in
386 831 569 868 subiecto
596 832 736 868 insunt
761 833 897 875 menti,
925 834 998 870 sed
1026 835 1347 871 substantialiter
1372 835 1462 880 ipsa
1489 836 1614 871 sunt.“
2009 837 2041 861 10

457 892 488 926 2.
514 891 612 927 Item
639 891 706 928 lib.
733 891 806 935 III,
832 901 918 937 cap.
947 894 1036 928 173:
1065 893 1130 936 „Si
1150 891 1238 929 sola
1263 894 1399 930 anima
1418 895 1701 939 cognoscatur,
1728 893 1879 938 ahquid
1899 893 1986 929 eius

318 950 382 985 est
406 959 524 986 mens
550 951 755 995 tamquam
782 952 902 996 caput
929 951 1016 988 eIus
1043 952 1109 988 vel
1136 953 1277 988 oculus
1304 953 1371 989 vel
1396 952 1559 989 facies.“
1598 952 1704 998 Ergo
1731 962 1815 988 non
1841 953 1904 988 est
1923 962 1988 988 ac—

318 1008 459 1044 cidens
486 1009 588 1045 sicut
613 1018 690 1046 nec
717 1010 869 1046 oculus.
918 1010 1072 1047 Eadem
1097 1011 1256 1047 ratione
1283 1021 1361 1048 nec
1388 1021 1488 1048 suae
1515 1012 1636 1048 vires.

456 1069 487 1104 3.
525 1067 625 1104 Item
662 1068 1016 1111 Damascenus,
1054 1069 1097 1105 ΙΙ.
1132 1070 1209 1112 lib„
1247 1080 1333 1115 cap.
1370 1071 1455 1106 124:
1495 1071 1589 1107 dicit
1615 1070 1864 1106 intellectum
1890 1079 1987 1106 esse

317 1127 474 1171 partem
500 1127 661 1163 animae
687 1127 944 1172 purissimam
970 1129 1010 1164 et
1037 1128 1265 1175 subiungit:
1294 1129 1426 1173 „Sicut
1452 1129 1559 1166 enim
1580 1129 1721 1166 oculus
1742 1129 1783 1165 in
1803 1138 1987 1174 corpore,
2010 1140 2042 1164 15

317 1185 375 1221 ita
398 1185 439 1221 in
465 1185 601 1222 anima
627 1187 690 1222 est
715 1186 980 1223 intellectus.“

456 1245 488 1281 4.
522 1245 671 1281 Iterum
708 1245 996 1288 Anselmus,
1034 1246 1094 1282 De
1125 1246 1360 1283 Concordia
1394 1247 1698 1283 Praescientz‘ae
1735 1249 1803 1283 etc.
1839 1257 1903 1292 qu.
1929 1246 1988 1288 III,

318 1313 405 1348 cap.
432 1305 472 1339 11
487 1306 518 1339 ⁵:
547 1304 679 1347 „Sicut
703 1304 901 1341 habemus
928 1305 968 1341 i11
996 1314 1169 1350 corpore
1191 1306 1382 1342 membra.
1404 1306 1549 1351 quibus
1571 1306 1688 1350 quasi
1707 1305 1988 1342 instrumentis

318 1362 474 1404 utimur,
513 1364 556 1399 ut
589 1372 734 1399 manus
762 1364 801 1399 et
826 1364 969 1408 pedes,
998 1364 1055 1400 ita
1079 1364 1216 1400 anima
1240 1365 1366 1401 habet
1391 1365 1433 1401 in
1460 1375 1505 1401 se
1533 1366 1731 1410 quasdam
1763 1365 1872 1401 vires
1906 1364 1989 1409 qui—

318 1422 393 1458 bus
431 1421 578 1457 utimur
615 1422 726 1458 velut
757 1422 1036 1459 instrumentis
1069 1423 1121 1459 ad
1155 1433 1258 1459 usus
1288 1433 1537 1460 communes.
1587 1423 1657 1460 Est
1682 1433 1858 1468 namque
1884 1423 1988 1459 ratio
2009 1435 2043 1460 20

318 1480 359 1516 in
384 1480 530 1522 anima,
558 1490 637 1526 qua
663 1480 768 1517 sicut
794 1491 871 1517 suo
888 1481 1159 1518 instrumento
1179 1482 1302 1518 utitur
1321 1483 1373 1518 ad
1393 1482 1718 1519 ratiocinandum
1739 1483 1780 1519 et
1799 1482 1988 1518 voluntas

318 1540 370 1575 ad
397 1539 650 1575 volendum.“

457 1600 489 1634 5.
516 1598 615 1634 Item
640 1598 901 1641 Boethius,
928 1599 969 1635 in
996 1599 1122 1635 Libro
1148 1600 1421 1636 Divisionum
1434 1603 1466 1636 6:
1506 1600 1674 1644 „Anima
1700 1600 1889 1636 dividitur
1915 1609 1990 1645 per

319 1657 607 1700 rationale<m>
643 1659 684 1694 et
717 1658 1052 1701 irrationale<m>.
1103 1658 1185 1695 Sed
1211 1669 1294 1695 non
1321 1660 1382 1695 est
1407 1659 1544 1695 anima
1568 1660 1712 1695 horum
1738 1668 1878 1704 genus,
1914 1659 1988 1695 sed

318 1718 457 1753 totum.
508 1717 648 1753 Partes
675 1717 783 1753 enim
810 1717 974 1753 animae
1001 1722 1104 1754 sunt.
1157 1717 1238 1755 Sed
1264 1728 1348 1754 non
1367 1719 1495 1754 totum
1520 1718 1560 1754 in
1582 1718 1812 1763 quantitate
1833 1719 1873 1754 et
1893 1727 1989 1763 qua·
2008 1729 2041 1754 25

318 1776 442 1817 litate,
470 1776 544 1812 sed
569 1776 705 1821 aliqua
732 1777 937 1821 potestate
958 1776 1025 1812 vel
1045 1777 1204 1813 virtute.
1253 1776 1314 1813 Ex
1333 1776 1396 1813 his
1418 1777 1525 1813 enim
1545 1777 1739 1822 potentiis
1761 1777 1990 1813 substantia

318 1834 479 1871 animae
507 1835 793 1881 subiungitur.“

458 1895 490 1930 6.
525 1893 625 1930 Item
649 1893 986 1940 Philosophus
1024 1894 1145 1931 dicit⁷
1180 1896 1288 1940 quod
1315 1895 1418 1931 sicut
1445 1905 1490 1931 se
1516 1895 1640 1931 habet
1665 1895 1801 1931 anima
1825 1895 1877 1931 ad
1904 1904 1989 1931 cor-

319 1962 393 1998 pus
430 1954 570 1995 totum,
608 1953 664 1989 ita
697 1954 835 1998 partes
874 1954 1037 1990 animae
1076 1954 1128 1990 ad
1165 1955 1304 1999 partes
1345 1954 1538 1999 corporis.
1587 1954 1692 2000 Ergo
1729 1964 1819 1991 cum
1850 1955 1988 1999 partes

319 2012 480 2048 animae
506 2012 609 2048 tales
636 2021 731 2048 esse
757 2022 840 2049 non
866 2014 1041 2058 possunt
1065 2013 1144 2049 nisi
1169 2013 1389 2058 potentiae,
1416 2013 1625 2058 potentiae
1645 2023 1729 2050 non
1750 2014 1867 2050 erunt
1886 2013 1990 2050 acci·
2008 2023 2042 2048 30

320 2071 459 2107 dentia
484 2071 657 2113 animae,
685 2081 776 2108 cum
802 2072 994 2108 accidens
1021 2081 1103 2108 non
1131 2073 1182 2108 sit
1206 2082 1302 2118 pars
1329 2073 1594 2109 substantiae.

458 2132 489 2166 7.
525 2130 624 2166 Item
662 2130 798 2167 anima
832 2131 956 2167 habet
982 2131 1206 2167 essentiam
1233 2132 1273 2168 et
1298 2132 1498 2168 virmtem.
1547 2132 1631 2168 Nec
1657 2131 1784 2168 virtus
1812 2133 1875 2168 est
1901 2132 1988 2168 eius

319 2189 522 2231 accidens,
561 2199 651 2226 cum
679 2199 705 2225 a
728 2190 876 2226 virtute
913 2189 1072 2226 dicatur
1111 2190 1248 2227 antma
1284 2191 1413 2227 totum
1450 2191 1633 2227 virtuale.
1690 2190 1770 2228 Sed
1809 2191 1990 2227 essentia

320 2248 443 2284 habet
476 2249 613 2293 partes
648 2249 689 2285 in
724 2258 768 2284 se
804 2249 1067 2295 integr-antes,
1101 2249 1257 2286 scilicet
1281 2250 1493 2286 materiam
1521 2251 1561 2286 et
1585 2249 1767 2286 formam.
1815 2249 1921 2296 Ergo
1949 2251 1990 2286 et

319 2307 493 2343 virtutes·
516 2307 683 2344 habebIt
709 2307 894 2344 subiecto
921 2309 1308 2354 correspondentes.
1347 2308 1435 2345 Non
1456 2309 1535 2345 nisi
1553 2309 1760 2354 potentias
1781 2309 1845 2345 vel
1866 2309 1986 2345 vires.
2008 2321 2042 2346 35

319 2365 425 2412 Ergo
451 2367 527 2403 etc.
1765 2365 1769 2369 ’

460 2465 477 2496 1
505 2464 771 2504 universaliter]
791 2465 1008 2497 universaliS
1028 2465 1086 2497 vel
1105 2466 1280 2498 naturalis
1291 2462 1340 2507 (22)
1437 2467 1457 2498 5
1483 2467 1518 2498 et
1538 2467 1700 2506 potentia
1719 2466 1786 2498 erit
1807 2465 1988 2504 accidens]

322 2516 475 2549 additur
501 2517 548 2549 ab
574 2518 697 2549 altera
721 2525 842 2550 manu
867 2518 908 2550 in
933 2518 1107 2558 maryt'ne
1201 2519 1220 2551 9
1248 2527 1327 2559 cap.
1355 2518 1387 2557 4]
1414 2527 1509 2551 nono
1530 2519 1572 2550 24
1671 2519 1711 2550 10
1738 2518 1860 2558 menti]
1885 2528 1988 2551 mens

320 2570 385 2602 sed
405 2570 688 2603 substantialiter
706 2571 789 2611 ipsa
808 2570 902 2610 sunt]
929 2571 1084 2603 additur
1104 2571 1152 2603 ab
1172 2571 1294 2604 alcera
1315 2580 1435 2604 manu
1454 2572 1495 2604 in
1514 2572 1687 2611 maryz'ne
1767 2572 1807 2604 14
1835 2580 1914 2612 cap.
1934 2571 1987 2612 12]

321 2624 460 2655 textus:
484 2632 563 2663 cap.
590 2624 639 2663 X;
665 2630 819 2664 margo:
844 2624 918 2656 XIII
1015 2624 1150 2657 17-18
1178 2633 1235 2665 qu.
1262 2624 1316 2663 111,
1346 2623 1400 2663 11]
1426 2633 1455 2657 c.
1483 2625 1513 2657 2.
1541 2625 1560 2657 7

461 2716 474 2739 1
500 2717 570 2750 Cfr.
596 2718 648 2750 De
672 2718 814 2756 Praed„
841 2727 920 2759 cap.
946 2719 998 2751 De
1026 2718 1149 2758 Quali.
1291 2717 1305 2740 2
1330 2719 1386 2751 PL
1412 2720 1465 2758 42,
1492 2719 1557 2751 963
1584 2728 1617 2752 n.
1645 2720 1675 2751 5.

458 2769 473 2792 3
497 2770 515 2802 ἱ)
541 2770 611 2803 Sed
635 2771 698 2803 cfr.
725 2771 777 2804 De
801 2772 945 2812 Spiritu
971 2773 1005 2804 et
1028 2770 1167 2804 Anima
1193 2772 1237 2804 XI
1262 2770 1332 2811 (PL
1359 2772 1412 2810 40,
1440 2770 1531 2811 786).

458 2822 473 2844 4
499 2820 605 2866 „0152
625 2823 749 2867 ἕτερον
768 2823 905 2866 ἔχουσα
927 2822 1011 2867 παρ’
1032 2823 1168 2866 ἑαυτὴν
1189 2823 1250 2855 τὸν
1269 2826 1371 2863 νοῦν,
1387 2821 1491 2855 ἀλλὰ
1510 2824 1622 2867 μέρος
1638 2824 1750 2866 αὐτῆς
1764 2824 1801 2856 τὸ
1816 2822 1987 2868 καθαρῶν

322 2881 437 2907 τατον·
466 2874 587 2919 ὥσπερ
612 2875 681 2920 γὰρ
705 2874 911 2920 ὀφθαλμὸς
936 2877 977 2907 ἐν
1009 2876 1162 2920 σώματι,
1195 2876 1310 2915 οὕτως
1340 2877 1382 2907 ἐν
1415 2879 1521 2920 ψυχῇ
1551 2877 1672 2917 νοῦς.“
1711 2877 1786 2917 (PG
1811 2878 1865 2917 94,
1893 2877 1986 2918 223.)

459 2929 474 2951 5
500 2929 555 2962 PL
582 2930 657 2969 1-58,
686 2931 762 2963 534.
902 2930 917 2951 6
942 2930 998 2962 PL
1023 2930 1077 2969 64,
1105 2930 1181 2963 888.

460 2980 474 3003 ⁷
499 2982 551 3015 De
575 2982 715 3015 Anima
739 2983 777 3022 ΙΙ,
807 2984 820 3015 1
851 2982 953 3022 (text.
982 2979 1028 3025 9).
