2095 3459
726 204 897 240 Quaestio
923 204 966 235 IX
994 205 1029 236 et
1054 203 1139 236 VIII.
1732 198 1777 233 85

95 311 185 338 cum
206 301 438 337 intellectus
460 300 505 336 l'it
525 301 757 346 intelligens
780 301 831 336 de
852 310 933 336 non
955 300 1220 347 intelligente,
1236 300 1345 345 quod
1359 299 1432 335 fiat
1449 299 1587 343 aliqua
1607 298 1775 334 mutatio

96 360 204 396 circa
230 359 491 399 intellectum,
518 368 592 404 per
618 369 737 404 quam
764 359 975 395 referatur.
1027 359 1143 399 Quod
1173 368 1269 395 esse
1305 368 1389 394 non
1425 358 1563 403 potest
1589 357 1668 393 nisi
1702 366 1776 402 per

96 418 399 455 similitudinem
424 418 557 463 ipsum
578 418 918 454 determinantem
939 419 990 454 ad
1012 418 1361 464 cognoscendum,
1389 417 1617 453 secundum
1637 417 1775 452 tamen

94 478 202 523 quod
230 478 431 523 quaedam
468 478 531 514 est
566 477 728 522 species
767 477 1006 523 imaginaria
1043 477 1109 513 vel
1149 476 1382 522 spiritualis,
1421 476 1624 521 quaedam
1662 475 1777 511 intel-

58 547 73 571 5
93 536 291 573 lectualis.

233 595 333 632 Dico
361 595 678 641 imaginariaml,
712 604 817 640 quae
846 595 1085 639 imprimitur
1116 594 1156 630 in
1184 603 1323 635 sensu,
1351 594 1500 630 deinde
1528 594 1568 629 in
1597 593 1739 639 spiritu
1751 596 1775 629 2.

94 655 172 691 Per
197 664 318 700 quam
344 664 412 691 res
439 655 601 691 videtur
626 663 840 699 praesens,
880 655 921 690 et
956 654 1157 700 cogitatur
1191 654 1357 689 absens.
1406 652 1454 688 Et
1479 662 1524 688 re
1551 653 1775 698 praesente

95 714 158 750 est
182 714 287 750 ratio
313 714 592 760 cognoscendi
614 713 873 755 sensibiliter,
900 722 945 749 re
966 713 1141 749 absente
1162 722 1236 757 per
1257 713 1411 748 motum
1430 721 1455 748 a
1476 721 1604 748 sensu
1624 712 1774 748 factum

95 774 158 809 est
183 772 287 809 ratio
315 773 597 818 cognoscendi
624 772 886 818 spiritualiter
911 772 977 808 vel
1003 771 1256 818 imaginarie.
1305 770 1353 807 Et
1387 771 1492 807 haec
1528 771 1692 816 species
1720 771 1776 807 ita

43 840 74 865 10
95 832 158 867 est
183 831 224 867 in
250 831 398 872 anima,
437 832 546 876 quod
572 841 655 867 non
680 841 748 868 res
776 831 890 868 cuius
918 832 992 868 est.
1042 830 1160 876 Lapis
1189 830 1297 866 enim
1324 840 1408 867 non
1446 831 1511 867 est
1548 831 1588 866 in
1627 831 1774 872 anima,

94 891 168 927 sed
196 890 358 936 species
384 890 542 936 lapidis.

234 949 325 986 Alia
351 951 415 986 est
441 950 605 995 species
631 949 931 991 intellectualis,
959 949 1047 986 sive
1074 958 1180 994 quae
1208 949 1273 985 est
1291 948 1333 984 in
1354 947 1444 984 acie
1464 948 1774 994 intelligentiae,

94 1009 183 1045 sive
210 1019 317 1054 quae
345 1010 409 1045 est
433 1009 475 1045 in
501 1009 695 1045 thesauro
722 1009 1010 1046 intellectualis
1043 1008 1280 1045 memoriae.
1330 1006 1378 1043 Et
1412 1008 1517 1043 haec
1551 1007 1775 1044 intenditur

94 1077 171 1104 sex
196 1068 339 1104 modis.
388 1068 459 1104 Est
489 1068 597 1104 enim
633 1069 834 1113 quaedam
867 1068 1094 1104 secundum
1124 1067 1325 1112 quosdam
1359 1066 1522 1112 species
1555 1067 1774 1109 abstracta,

42 1134 73 1160 15
94 1128 296 1172 quaedam
321 1127 472 1169 innata,
512 1128 715 1172 quaedam
740 1127 953 1172 impressa,
993 1127 1196 1172 quaedam
1225 1136 1439 1171 expressa,
1478 1126 1681 1171 quaedam
1712 1135 1774 1162 re-

92 1187 198 1228 licta,
225 1186 428 1232 quaedam
454 1186 638 1223 collecta.

232 1245 333 1282 Dico
368 1246 642 1282 abstractam3
668 1252 773 1291 quae
800 1246 851 1282 ab
878 1245 1056 1291 imagine
1092 1245 1276 1281 hauritur
1311 1246 1352 1281 et
1376 1244 1573 1290 paulatim
1599 1244 1771 1290 proficit,

93 1305 227 1341 donec
251 1304 476 1341 intellectui
500 1304 673 1341 uniatur.
721 1304 769 1340 Et
794 1314 868 1350 pro
895 1306 1008 1342 tanto
1035 1304 1180 1341 dicitur
1219 1305 1329 1349 quod
1365 1303 1622 1340 substantiae
1659 1304 1773 1349 spiri-

92 1363 224 1400 tuales
252 1363 332 1399 sint
356 1373 431 1409 per
457 1373 502 1400 se
528 1363 816 1410 intelligibiles.
865 1363 913 1400 Et
938 1363 1298 1408 Philosophus4
1323 1362 1467 1405 <dicit>
1494 1363 1603 1407 quod
1629 1362 1671 1399 in
1696 1363 1771 1405 his,

40 1428 74 1455 20
93 1432 198 1468 quae
226 1423 320 1458 sunt
345 1423 434 1459 sine
461 1423 643 1464 materia,
669 1423 778 1459 idem
796 1426 809 1466 11
829 1424 893 1459 est
918 1423 1148 1459 intellectus
1179 1423 1220 1458 et
1246 1422 1356 1467 quod
1381 1421 1633 1468 intelligitur;
1660 1422 1769 1458 idem
1791 1426 1853 1458 rol.
1881 1427 1982 1459 27vb

91 1482 115 1517 i.
143 1491 177 1518 e.
204 1481 390 1518 eiusdem
414 1481 597 1524 rationis,
623 1482 781 1518 habens
808 1482 963 1518 scilicet
986 1482 1189 1518 rationem
1208 1481 1516 1527 intelligibilem,
1544 1481 1771 1517 secundum

94 1541 202 1586 quod
230 1541 294 1577 est
319 1540 360 1577 in
386 1540 478 1586 ipsa
495 1550 553 1577 re.
590 1541 708 1578 Unde
729 1541 1003 1583 Avicenna‚
1023 1541 1082 1577 III.
1101 1541 1333 1585 Metaph..⁵:
1359 1539 1566 1585 „Corpora
1586 1540 1771 1586 indigent

93 1600 381 1641 abstractione,
420 1600 553 1637 donec
590 1601 851 1637 abstrahatur
887 1602 939 1637 ab
975 1600 1034 1637 eis
1070 1600 1173 1636 ratio
1200 1599 1269 1636 vel
1299 1599 1471 1635 intentio
1505 1609 1612 1644 quae
1639 1599 1771 1644 possit

92 1658 271 1705 intelligi.
323 1659 583 1696 Substantiae
609 1669 708 1696 vero
736 1660 954 1705 separatae
981 1669 1064 1696 non
1098 1659 1222 1705 egent
1248 1658 1397 1704 aliquo,
1424 1659 1467 1694 ut
1492 1658 1771 1704 intelligantur

40 1728 73 1755 25
95 1727 190 1754 esse
226 1719 270 1754 ut
305 1719 399 1754 sunt
434 1719 474 1754 et
509 1718 706 1765 sigilletur
737 1719 873 1755 anima
904 1728 978 1764 per
1004 1718 1111 1755 eas.“
1160 1717 1208 1754 Et
1242 1719 1346 1754 haec
1372 1717 1535 1762 species
1562 1718 1771 1754 abstracta

93 1778 157 1813 est
181 1778 339 1813 tantum
365 1777 647 1822 corporalium.

232 1836 332 1872 Dico
369 1836 551 1882 speciem
584 1836 790 1873 innatam6
816 1836 1025 1873 notionem
1056 1837 1213 1873 {nimae
1242 1836 1515 1877 concreatam,
1544 1835 1648 1871 sicut
1674 1835 1770 1872 dicit

91 1894 444 1937 Damascenus,
473 1905 560 1941 cap.
586 1895 626 1931 1⁷
652 1897 760 1941 quod
788 1896 965 1942 cognitio
994 1896 1200 1933 existendi
1226 1896 1358 1932 Deum
1385 1895 1572 1931 omnibus
1601 1896 1652 1931 ab
1679 1895 1767 1940 ipso

93 1954 331 1990 naturaliter
356 1954 511 1991 inserta
538 1955 611 1991 est.
660 1954 709 1990 Et
733 1956 837 1992 haec
856 1956 1028 1992 vocatur
1048 1955 1267 2000 aliquando
1288 1954 1401 1991 notio
1422 1954 1636 1999 impressa,
1664 1954 1768 1990 sicut

40 2023 74 2049 :30
93 2012 236 2049 dicitur
261 2012 357 2049 VIII.
384 2014 442 2050 De
467 2014 576 2050 Trin.
603 2023 689 2059 cap.
710 2016 775 2050 58:
803 2014 990 2060 „Necque
1016 2014 1057 2050 in
1085 2014 1272 2051 omnibus
1300 2013 1431 2055 donis,
1459 2023 1565 2059 quae
1593 2023 1768 2049 comme-

93 2072 259 2113 moravi,
295 2072 403 2109 aliud
429 2073 509 2110 alio
542 2073 814 2110 iudicaremus
841 2074 996 2116 melius,
1033 2074 1112 2110 nisi
1139 2074 1253 2110 esset
1278 2073 1398 2109 nobis
1424 2072 1628 2117 impressa
1654 2072 1766 2108 notio

93 2131 220 2176 ipsius
245 2132 376 2168 boni.“
426 2131 474 2168 Et
500 2132 559 2168 sic
585 2134 890 2179 cognoscuntur
914 2143 988 2179 per
1014 2133 1319 2169 similitudinem
1354 2131 1491 2168 omnia
1528 2131 1768 2167 naturaliter

92 2190 211 2227 nobis
238 2191 413 2237 cognita,
452 2191 556 2228 sicut
588 2190 639 2228 de
674 2192 927 2229 beatitudine
966 2193 1006 2229 et
1041 2191 1244 2237 sapientia
1282 2191 1428 2227 dicitur
1463 2190 1506 2226 II.
1533 2190 1593 2226 De
1619 2190 1766 2226 Libero

92 2249 315 2286 Arbitrioss.

232 2342 249 2374 1
278 2342 330 2381 iit]
357 2343 404 2375 sit
475 2343 609 2384 aliqua]
638 2344 676 2382 -i-
705 2345 777 2377 alia
881 2345 900 2377 7
926 2343 1194 2382 res—absens]
1220 2352 1280 2376 res
1307 2343 1449 2375 videtur
1474 2343 1510 2374 et
1535 2343 1767 2383 cognoscitur

92 2403 269 2435 praesens
283 2395 425 2428 videtur
445 2397 511 2428 sed
530 2397 761 2437 cognoscitur
779 2406 846 2438 per
866 2397 1034 2430 accidens
1108 2397 1150 2429 24
1167 2395 1302 2436 aliquo]
1315 2391 1361 2437 -Ι-
1374 2395 1443 2427 nisi
1517 2396 1560 2427 25
1575 2394 1764 2435 sigilletur]

92 2448 281 2489 sugilletur
353 2449 395 2481 27
410 2449 653 2489 concreatam]
668 2451 808 2491 gratam
882 2450 924 2482 29
940 2449 1089 2488 inserta]
1103 2450 1154 2482 ita
1167 2450 1268 2482 certa
1282 2449 1338 2481 est
1411 2448 1452 2480 31
1468 2447 1586 2486 nobis]
1602 2448 1765 2480 omnibus

230 2536 243 2558 1
269 2537 367 2570 Haec
393 2537 573 2570 distinctio
599 2538 802 2579 specierum
826 2539 979 2571 habetur
1005 2538 1111 2570 etiam
1134 2538 1169 2569 in
1194 2536 1399 2570 Pechami
1426 2536 1704 2569 Commentario
1724 2536 1765 2568 in

92 2589 120 2622 I.
148 2589 207 2623 lib.
234 2592 325 2623 sent.
374 2590 465 2623 Vide
489 2590 585 2623 infra
611 2599 644 2631 q.
670 2591 810 2623 XXXIX
835 2591 871 2623 C.

156 2653 161 2656 ·
231 2641 246 2664 2
272 2643 342 2676 cfr.
356 2643 409 2676 De
423 2643 562 2676 Anima
575 2643 615 2682 II,
629 2644 670 2676 12
682 2641 785 2683 (text.
799 2642 897 2683 121);
916 2643 969 2682 ΙΙΙ,
982 2643 1000 2675 8
1013 2642 1116 2682 (text.
1129 2641 1205 2681 38);
1220 2643 1390 2681 Bonav.‚
1408 2642 1473 2682 Op.
1489 2650 1588 2674 omn.
1603 2641 1638 2680 ΙΙ,
1652 2641 1718 2673 570
1730 2641 1762 2673 b.

230 2695 245 2717 3
271 2696 341 2729 Cfr.
367 2696 420 2729 De
443 2696 584 2729 Anima
609 2696 663 2735 III,
684 2696 703 2728 8
730 2694 832 2735 (text.
861 2692 938 2738 38);
964 2697 1132 2734 BonaV„
1163 2695 1228 2736 Op.
1257 2703 1356 2727 omn.
1383 2694 1424 2734 V,
1452 2694 1517 2727 301
1540 2703 1562 2726 a
1587 2689 1649 2735 (6).
1684 2694 1763 2733 „Di-

93 2749 262 2781 iudicatio
288 2750 344 2781 est
370 2749 463 2782 actio
490 2757 584 2788 quae
610 2749 770 2789 speciem
805 2749 1012 2781 sensibilem
1047 2748 1267 2780 sensibiliter
1301 2756 1368 2788 per
1405 2755 1536 2779 sensus
1575 2747 1761 2786 acceptam

92 2801 240 2834 introire
266 2802 352 2834 facit
376 2802 586 2842 depurando
612 2802 648 2834 et
674 2802 916 2834 abstrahendo
942 2802 978 2833 in
998 2801 1196 2842 potentIam
1215 2800 1482 2832 intellectivam.
1532 2800 1576 2831 Et
1595 2799 1647 2831 sic
1666 2799 1762 2831 totus

93 2855 162 2887 iste
187 2855 340 2887 mundus
365 2855 512 2887 introire
537 2855 647 2887 habet
671 2854 707 2887 in
733 2854 887 2887 animam
912 2854 1104 2886 humanam
1129 2862 1196 2894 per
1221 2854 1346 2893 portas
1372 2850 1577 2885 sensuum.“
1621 2851 1763 2884 Ibidem

92 2907 131 2946 II,
159 2908 225 2940 415
244 2916 267 2940 a
283 2904 346 2949 (4).
488 2906 503 2929 4
527 2908 579 2940 De
605 2907 742 2940 Anima
765 2907 818 2946 ΙΙΙ,
847 2907 865 2939 4
893 2905 994 2946 (text.
1023 2904 1091 2945 15).
1232 2905 1247 2927 5
1271 2906 1325 2944 ΙΙΙ,
1353 2906 1382 2937 4.

231 2959 247 2981 6
272 2960 343 2993 Cfr.
369 2960 539 2999 Bonav.‚
569 2959 635 2999 Op.
662 2968 760 2992 omn.
784 2959 823 2998 ΙΙ,
844 2959 909 2992 904
924 2960 946 2991 b
968 2960 1003 2991 et
1021 2958 1184 2991 scholion
1203 2958 1346 2996 ibidem,
1373 2958 1587 2998 praesertim
1608 2966 1701 2989 num.
1722 2957 1761 2989 II.

232 3010 247 3034 7
271 3013 478 3051 Damasc.,
503 3012 555 3045 De
579 3012 658 3044 Fid.
688 3012 839 3044 Orthod.
865 3011 888 3051 I,
911 3012 928 3044 1
957 3013 992 3044 et
1012 3012 1042 3044 3.
1184 3009 1198 3032 8
1224 3010 1310 3051 VIII,
1337 3011 1356 3043 3
1384 3008 1454 3051 (PL
1480 3010 1533 3050 42,
1561 3010 1626 3043 949
1653 3019 1686 3042 n.
1715 3008 1761 3050 4).

231 3064 247 3087 9
271 3065 310 3104 II,
336 3065 356 3097 9
383 3074 487 3109 seqq.
513 3063 584 3105 (PL
608 3065 663 3104 32,
691 3065 779 3097 1253
807 3063 937 3106 seqq.).
