2095 3459
773 196 945 230 Quaestio
974 194 1027 227 IV.
1692 191 1735 226 57

64 290 288 325 secundum
316 289 367 325 sit
394 299 520 326 causa
548 291 745 329 efficiens,
772 293 842 328 aut
868 293 974 336 quod
998 292 1049 327 sit
1071 291 1246 328 occasio.
1297 292 1426 327 Primo
1449 291 1568 327 modo
1589 290 1732 327 falsum

65 350 137 388 est.
165 349 348 384 secundo
376 349 498 385 modo
527 359 667 385 verum
696 352 768 388 est.
806 351 900 395 quia
927 360 1140 395 corporum
1169 350 1444 395 multiplicatio
1474 351 1535 386 est
1562 350 1734 389 occasio,

64 416 191 452 quare
219 407 329 443 Deus
356 409 514 445 animas
543 410 656 445 creat
684 411 723 445 et
749 409 932 445 infundit.

204 466 265 503 Ad
293 468 369 503 hoc
397 469 505 513 quod
533 469 628 505 dicit
652 470 759 514 quod
782 470 876 505 tunc
900 470 1018 505 homo
1041 480 1121 505 non
1145 471 1363 516 generatur
1384 470 1607 505 secundum
1630 470 1735 513 quod

28 536 43 559 .-·›
65 527 196 564 homo.
224 528 238 570 ll
266 528 339 563 sed
374 529 600 564 secundum
639 529 747 574 quod
786 529 946 567 animal.
986 530 1220 574 respondeo
1261 538 1333 573 per
1371 529 1736 574 interemptionem,
1756 531 1787 562 B
1808 530 1869 562 rol.
1894 531 2015 563 169‘'b

64 586 159 631 quia
184 586 388 631 appetitus
418 589 588 624 naturae
617 588 893 624 essentialiter
928 590 992 624 est
1026 588 1078 624 ad
1109 589 1286 624 animam
1318 589 1569 624 rationalem.
1620 587 1737 623 Unde

66 646 210 681 natura
235 647 473 691 generantis
501 657 583 683 non
611 647 784 692 quiescit
810 647 850 683 in
877 648 1012 692 aliquo
1040 648 1147 692 quod
1176 657 1200 683 a
1226 648 1372 683 virtute
1400 648 1567 683 seminis
1593 648 1738 692 produ-

66 706 188 744 catur,
227 705 302 741 sed
328 706 496 742 ulterius
524 707 575 742 ad
602 707 778 743 animam
805 707 1047 743 rationalem
1075 707 1293 742 ordinatur.
1344 706 1424 743 Sed
1452 707 1615 752 quaeris
1644 716 1738 751 qua-

65 764 155 800 liter
181 765 259 800 hoc
286 766 396 801 stare
422 766 554 810 possit
581 776 672 802 cum
698 766 854 802 unitate
881 775 981 802 vera
1006 766 1216 802 materiali.
1268 766 1367 802 Dico
1407 767 1515 811 quod
1553 766 1739 802 conditor

2 838 45 863 ,ιο
65 825 234 860 naturae
261 825 408 869 potest,
445 825 638 870 quidquid
677 827 815 871 potest
849 827 1004 862 natura.
1067 825 1185 862 Unde
1220 825 1546 871 Augustinus,
1582 825 1736 861 Contra

67 883 270 919 Faustum
297 884 384 920 261:
414 884 533 927 „Illud
561 885 636 921 erit
662 885 808 930 cuique
834 886 895 921 rei
920 885 1106 921 naturale
1133 885 1241 930 quod
1268 884 1334 920 ille
1360 884 1504 920 fecerit
1527 894 1551 920 a
1575 894 1654 929 quo
1677 886 1740 920 est

66 942 196 979 omnis
223 944 368 979 modus
396 953 590 980 numerus
618 946 658 981 et
685 945 785 981 ordo
812 946 1016 980 naturae.“

206 1003 260 1038 18.
297 1001 686 1040 Duodevicesimum
720 1004 844 1049 patet,
883 1003 1076 1049 quoniam
1108 1003 1160 1039 sit
1187 1004 1299 1039 esset
1326 1003 1554 1039 substantia
1580 1003 1740 1039 univer-

67 1062 175 1103 salis,
214 1072 305 1098 cum
332 1062 383 1098 sit
408 1062 639 1099 intellectus
667 1063 886 1109 possibilis,
924 1073 1008 1099 non
1035 1072 1199 1108 semper
1225 1064 1317 1099 actu
1343 1063 1588 1108 intelligeret
1615 1072 1671 1103 se,
1701 1064 1740 1098 et

16 1135 48 1160 15
66 1123 203 1158 tamen
229 1123 373 1166 posset
398 1122 628 1168 intelligere
655 1133 712 1159 se.
750 1123 870 1159 Unde
895 1123 1004 1159 idem
1025 1124 1268 1168 sequeretur
1287 1122 1599 1158 inconveniens.
1638 1121 1738 1158 Dico

68 1187 164 1226 ergo
191 1181 300 1226 quod
326 1181 444 1217 aliter
470 1183 534 1218 est
558 1182 600 1218 in
627 1184 730 1224 actu,
770 1182 865 1228 quia
890 1182 1117 1218 secundum
1144 1191 1239 1218 esse
1265 1182 1449 1227 primum,
1490 1183 1529 1217 et
1554 1181 1672 1217 aliter
1697 1181 1738 1216 in

66 1241 259 1285 potentia,
287 1241 382 1286 quia
406 1243 601 1287 respectu
626 1242 891 1287 perfectionis
919 1242 1139 1278 secundae.
1188 1241 1236 1277 Et
1261 1242 1320 1277 sic
1346 1242 1483 1286 potest
1508 1241 1737 1286 intelligere

68 1309 124 1342 se,
162 1300 204 1336 ut
231 1301 294 1336 est
320 1310 444 1337 unum
470 1311 601 1348 genus
635 1302 798 1338 entium.
847 1301 938 1337 Non
975 1302 1113 1337 tamen
1152 1302 1213 1336 est
1238 1302 1279 1336 in
1306 1300 1490 1346 potentia
1528 1300 1739 1336 essentiali

66 1361 259 1405 respectu
285 1360 347 1396 sui
373 1361 478 1397 sicut
502 1361 662 1398 ratione
688 1361 909 1397 formarum
928 1363 941 1404 ΙΙ
959 1360 1238 1397 materialium.
1756 1358 1785 1390 A
1808 1358 1869 1391 fol.
1897 1359 2002 1391 23va

14 1432 48 1457 ειο
206 1420 260 1456 19.
287 1420 349 1456 Ad
369 1420 722 1457 undevicesimum
742 1430 816 1466 per
835 1420 1193 1465 interemptionem
1212 1419 1458 1465 respondeo.
1479 1440 1525 1443 —
1544 1419 1643 1455 Item
1663 1428 1741 1454 nec

68 1479 131 1515 est
157 1479 322 1516 omnino
349 1489 374 1516 a
399 1480 571 1516 materia
597 1482 824 1525 separatus.

207 1539 262 1575 20.
301 1538 364 1574 Ad
390 1539 631 1575 vicesimum
664 1539 930 1582 (dicendum)
957 1539 1065 1584 quod
1093 1538 1224 1574 omnis
1263 1537 1539 1583 appropriatio
1579 1537 1740 1573 animae

67 1597 277 1634 rationalis
305 1599 368 1634 est
395 1598 632 1643 simpliciter
666 1599 718 1635 ad
757 1608 904 1644 corpus
942 1600 1174 1640 humanum,
1214 1597 1323 1642 quod
1360 1598 1424 1634 est
1460 1596 1740 1633 nobilissimae

70 1657 109 1693 et
134 1657 452 1702 aequalissimae
486 1658 822 1703 complexionis2,
862 1660 902 1695 et
928 1658 966 1694 ei
1003 1658 1139 1694 unitur
1174 1657 1496 1693 substantialiter
1532 1657 1575 1692 ut
1610 1655 1742 1692 forma

15 1726 49 1755 ³25
70 1717 349 1753 substantialis
360 1719 385 1753 ³.
437 1716 554 1758 Quod
582 1717 691 1754 enim
716 1718 820 1754 haec
845 1717 981 1754 anima
1008 1716 1127 1753 simili
1154 1716 1314 1761 corpori
1340 1716 1634 1761 approprietur,
1680 1716 1742 1751 est

68 1776 235 1821 propter
260 1776 438 1821 aliquam
464 1776 738 1813 differentiam
765 1777 1074 1822 complexionis.
1126 1775 1240 1816 Quae
1267 1775 1509 1816 differentia,
1535 1774 1676 1817 <et->si
1701 1773 1741 1809 in

69 1835 349 1872 accidentibus
377 1836 587 1878 consistat,
626 1846 709 1873 non
746 1838 885 1875 tamen
923 1836 1060 1872 anima
1090 1835 1169 1871 ista
1196 1836 1259 1871 est
1282 1835 1402 1871 huius
1430 1834 1612 1879 corporis
1640 1833 1743 1869 acci-

70 1895 297 1937 dentaliter,
331 1895 426 1940 quia
458 1896 791 1937 substantialiter,
828 1896 871 1932 in
897 1897 1092 1941 quantum
1117 1895 1254 1931 anima
1277 1894 1488 1930 rationalis
1515 1894 1566 1930 ad
1594 1902 1741 1937 corpus

69 1954 296 1991 inclinatur.
337 1954 454 1996 Quod
476 1955 511 1991 si
528 1955 701 1991 velimus
721 1956 859 1992 dicere
880 1955 990 2001 quod
1008 1954 1160 2001 gradus
1188 1954 1240 1990 sit
1264 1954 1305 1989 in
1332 1953 1545 1990 animabus
1566 1952 1743 1988 rationa-

17 2026 51 2051 30
69 2014 217 2050 bilibus
242 2014 349 2051 intra
376 2014 569 2060 speciem,
601 2016 645 2050 ut
671 2015 793 2051 docet
817 2015 1068 2061 Magister,
1094 2013 1136 2049 II.
1161 2013 1269 2050 Sem.
1297 2012 1558 2049 distinctione
1584 2012 1629 2048 32
1656 2020 1742 2056 cap.

69 2073 209 2110 ultimo
220 2076 246 2115 4,
284 2074 426 2111 dicens
453 2074 563 2119 quod
587 2074 629 2110 in
656 2074 840 2111 essentia
864 2074 945 2110 alia
969 2074 1059 2110 aliis
1086 2074 1150 2110 est
1175 2072 1370 2114 subtilior,
1407 2072 1442 2108 si
1473 2072 1649 2116 inquam,
1687 2069 1744 2106 ita

72 2134 145 2176 est,
183 2134 322 2178 potest
356 2143 452 2170 esse
478 2134 630 2180 gradus
656 2134 698 2170 in
729 2134 944 2170 animabus
980 2132 1258 2169 substantialis
1298 2133 1339 2168 et
1370 2131 1671 2176 consequenter
1704 2129 1744 2165 in

71 2193 312 2238 corporibus
339 2192 619 2229 substantialis
647 2193 876 2235 diversitas,
903 2193 978 2229 sed
1003 2192 1110 2231 intra
1134 2191 1331 2228 terminos
1359 2189 1525 2235 speciei.

212 2310 232 2342 6
260 2309 356 2350 quia]
382 2310 414 2342 Β
436 2310 532 2350 quod
604 2310 623 2342 7
648 2309 698 2349 in]
723 2310 756 2342 B
775 2318 846 2342 om.
920 2309 939 2342 9
967 2308 1076 2350 quod]
1096 2308 1129 2340 A
1152 2308 1189 2346 -ἰ-
1215 2308 1302 2348 quia
1374 2307 1416 2339 10
1436 2305 1601 2344 naturae]
1621 2306 1652 2338 Β
1673 2314 1742 2337 om.

74 2363 114 2395 11
142 2362 285 2404 cuique]
304 2363 336 2395 B
354 2363 530 2404 cuiusque
603 2362 742 2402 fecerit]
761 2362 794 2394 A
809 2363 883 2395 (ΕΒ
902 2362 1010 2395 fuerit
1083 2361 1124 2394 12
1150 2360 1290 2399 modus]
1315 2360 1345 2392 Β
1363 2360 1516 2392 mundus
1591 2359 1632 2391 14
1658 2357 1743 2396 non]

71 2417 103 2449 B
128 2418 189 2449 aut
287 2416 328 2449 16
355 2416 551 2449 secundum
579 2415 675 2455 esse]
715 2416 744 2448 A
770 2416 901 2448 falsum
927 2416 983 2448 est
1080 2415 1121 2447 17
1153 2413 1286 2455 potest]
1323 2413 1353 2445 A
1380 2413 1481 2454 patet
1578 2412 1619 2445 19
1652 2412 1745 2444 sicut

73 2469 223 2508 ratione]
249 2470 280 2502 Β
305 2469 398 2502 sicut
421 2469 467 2501 id⁰
552 2469 595 2501 22
621 2468 750 2508 omnis]
774 2469 806 2502 Β
833 2477 903 2501 om.
989 2468 1126 2501 25—26
1154 2467 1256 2504 Quod
1275 2467 1370 2499 enim
1389 2467 1480 2498 haec
1500 2465 1619 2498 anima
1639 2465 1744 2497 simili

72 2523 217 2564 corpori
242 2523 499 2564 approprietur
533 2523 590 2555 est
623 2521 786 2563 propter]
824 2522 855 2553 A
891 2521 987 2562 quod
1021 2521 1142 2553 autem
1175 2520 1309 2561 gradus
1341 2519 1483 2551 animae
1517 2518 1567 2550 illi
1601 2518 1744 2557 corpori

74 2576 330 2618 approprietur
353 2576 505 2617 propter
599 2575 642 2608 27
673 2576 745 2608 ista
770 2574 838 2614 est]
864 2575 896 2607 Β
920 2583 991 2607 om.
1077 2574 1120 2606 29
1148 2571 1348 2610 animabus]
1374 2571 1406 2603 A
1427 2572 1456 2604 ὦ
1475 2572 1506 2603 Β
1532 2570 1744 2603 animalibus

75 2630 117 2662 30
144 2628 386 2668 distinctione]
418 2629 449 2661 B
484 2629 528 2661 de
649 2629 691 2661 31
719 2627 856 2673 dicens]
892 2627 925 2659 A
961 2627 1089 2659 dicitur
1160 2623 1336 2664 subtilior]
1373 2624 1404 2657 A
1438 2623 1746 2656 substantiabilior

75 2683 117 2716 32
145 2681 346 2721 animabus]
380 2682 410 2714 A
432 2683 462 2715 ὦ
480 2682 512 2714 Β
537 2682 751 2714 animalibus
824 2678 1086 2718 substantialis]
1123 2678 1153 2712 A
1175 2680 1205 2712 ἄν
1223 2679 1255 2711 Β
1283 2677 1320 2716 4-
1349 2677 1414 2710 sed
1445 2677 1539 2709 intra
1571 2677 1744 2709 terminos

75 2735 123 2776 (A
143 2735 230 2776 om.)
250 2736 388 2777 speciei
419 2728 420 2731 ¹
483 2735 619 2768 32—33
647 2736 683 2767 et
701 2735 970 2775 consequenter
987 2733 1024 2766 in
1041 2732 1253 2773 corporibus
1273 2730 1521 2764 substantialis
1541 2729 1744 2768 diversitas,

76 2790 142 2822 sed
164 2789 259 2822 intra
281 2789 456 2822 terminos
481 2787 631 2829 speciei]
656 2788 688 2821 B
713 2797 785 2821 om.

216 2900 229 2923 1
255 2901 374 2940 XXVI,
401 2901 420 2933 3
447 2899 518 2940 (PL
544 2901 598 2941 42,
626 2899 724 2940 480);
751 2900 815 2933 cir.
842 2908 954 2941 supra
978 2907 1061 2942 pag.
1088 2898 1143 2937 37,
1169 2898 1241 2930 not.
1268 2897 1299 2930 3.

217 2953 231 2976 ²
258 2954 328 2987 Cfr.
353 2954 499 2993 Arist„
525 2954 577 2987 De
592 2954 680 2986 Gen.
694 2953 819 2986 Anim.
839 2953 878 2992 11,
894 2953 925 2985 3.
955 2952 1085 2991 „Prout
1102 2951 1290 2984 nobilitate
1309 2949 1582 2991 ignobilitateve
1602 2948 1745 2981 animae

78 3007 173 3040 inter
197 3015 238 3040 se
264 3007 444 3046 differunt,
470 3007 521 3039 ita
546 3007 583 3039 et
606 3007 737 3039 natura
762 3006 840 3038 eius
860 3005 1022 3046 corporis
1044 3004 1196 3037 differt.‘·
1223 3003 1467 3041 Avicenna,
1493 3001 1545 3034 VI.
1560 3001 1645 3033 Nat.
1659 3000 1698 3039 ΙΙ,
1714 3001 1745 3033 3.

217 3059 233 3081 ³
256 3059 347 3091 Vide
372 3067 494 3099 supra,
521 3067 605 3100 pag.
633 3059 688 3098 56,
714 3059 837 3091 notam
864 3058 894 3091 2.
1035 3055 1051 3078 4
1074 3056 1243 3094 Bonav.,
1273 3055 1339 3096 Op.
1368 3055 1473 3087 Omn.
1499 3054 1538 3093 II,
1565 3053 1630 3086 758
1645 3053 1678 3085 b.
