2095 3459
333 187 378 221 48
854 185 1030 220 -lohannis
1055 188 1221 220 Pechami
1250 187 1498 225 Quaestiones.

474 286 527 321 16.
554 284 653 320 Item
679 284 815 321 anima
839 284 1048 321 rationalis
1075 286 1145 320 aut
1169 285 1304 321 unitur
1330 284 1434 321 sicut
1460 284 1656 330 perfectio
1679 285 1719 320 et
1737 283 1902 323 forma1,
1928 283 1997 317 aut

338 344 442 380 sicut
468 345 599 379 motor
623 344 778 379 tantum
789 346 814 379 2.
853 343 894 380 Si
919 344 1023 380 sicut
1048 343 1256 388 perfectio,
1284 344 1445 388 oportet
1470 343 1707 379 necessario
1735 342 1840 387 quod
1871 340 1996 377 multi-

337 403 507 448 plicetur
534 403 758 438 secundum
784 403 1157 447 multiplicationem
1184 402 1393 444 materiae,
1432 403 1526 447 quia
1562 401 1693 438 forma
1730 400 1884 446 appetit
1922 399 1998 435 sibi

338 462 546 497 materiam
558 463 582 501 3,
620 471 698 498 nec
735 462 931 506 possibile
967 463 1030 497 est
1068 462 1288 506 quamlibet
1321 462 1498 498 animam
1537 461 1744 506 quodlibet
1769 469 1916 505 corpus
1943 459 1999 494 in-

336 520 485 566 gredi4.
537 520 575 556 Si
602 520 735 556 unitur
762 521 986 556 secundum
1013 522 1119 565 quod
1147 522 1289 560 motor.
1316 521 1423 557 idem
1451 522 1621 566 oportet.
1667 519 1867 561 Quoniam
1893 518 1998 554 Phi·
2017 523 2033 547 5

336 580 592 625 Iosophus
621 580 844 616 secundum
871 589 1081 616 numerum
1109 582 1289 616 motuum
1314 580 1534 626 investigat
1556 589 1766 616 numerum
1788 580 1998 619 motorum,

338 640 380 674 ut
407 648 459 674 ex
484 639 794 684 Pllilosopho
820 640 932 684 patet
958 639 998 675 in
1024 639 1112 674 Xl.=·›

475 699 529 733 17.
562 697 660 734 Item
706 698 882 743 ipsemet
925 697 1324 735 Commentator6
1362 698 1457 734 dicit
1503 698 1611 743 quod
1648 697 1898 742 impossibile
1938 697 2001 733 est

339 757 513 792 eundem
539 758 738 793 motorem
764 757 819 793 uti
846 757 1026 802 pluribus
1053 758 1332 794 instrumentis
1360 758 1411 793 ad
1438 758 1614 793 eundem
1647 757 1783 793 finem.
1834 756 1875 793 Si
1901 765 1999 801 ergo

337 815 566 852 intellectus
595 817 658 852 est
683 827 786 852 unus
808 817 926 852 utens
946 816 1111 853 homine
1131 818 1180 853 ad
1203 818 1336 853 aetum
1356 816 1619 862 intelligendi,
1647 825 1743 862 ergo
1764 825 1847 851 non
1866 815 2002 860 potest
2022 817 2054 843 ¹⁰

338 875 395 911 uti
420 875 499 910 nisi
523 885 604 911 uno
630 875 805 911 homine.
855 875 978 911 Immo
1018 885 1194 912 necesse
1231 877 1293 912 est
1330 877 1390 912 tot
1427 885 1522 912 esse
1560 875 1745 911 homines
1785 875 1883 919 quot
1909 874 2002 910 sunt

339 934 569 970 intellectus
580 936 605 970 ⁷.

479 994 533 1029 18.
569 993 666 1030 Item
700 994 795 1030 dicit
829 993 918 1039 ipse
945 993 1341 1031 CommentatorS
1368 995 1473 1039 quod
1501 993 1719 1030 diversitas
1746 993 1916 1029 naturae
1942 1001 2003 1028 re-

340 1052 446 1097 cepti
472 1052 568 1088 facit
593 1053 872 1089 diversitatem
898 1054 1070 1090 naturae
1096 1054 1342 1099 recipientis.
1394 1053 1474 1090 Sed
1506 1053 1736 1089 intellectus
1762 1052 1802 1087 in
1829 1051 2002 1087 diversis

339 1111 482 1156 recipit
507 1111 671 1148 diversa
698 1113 739 1148 et
765 1112 971 1157 disparata
996 1113 1170 1157 penitus.
1219 1112 1324 1158 Ergo
1352 1113 1415 1148 est
1442 1112 1668 1148 diversitas.
2027 1113 2056 1138 ¹⁵

480 1171 532 1206 19.
560 1171 794 1216 Respondet
820 1170 1181 1208 Commentator
1207 1172 1313 1216 quod
1342 1172 1419 1207 hoc
1445 1172 1509 1207 est
1534 1172 1701 1216 propter
1726 1169 2003 1206 diversitatem

343 1230 667 1274 phantasmatum
680 1234 704 1265 ⁰.

478 1288 645 1325 Contra:
685 1289 831 1334 Aliqua
865 1289 1050 1335 intelligit
1076 1289 1306 1326 intellectus
1332 1289 1557 1326 secundum
1582 1289 1714 1334 ipsum
1740 1298 1813 1333 per
1838 1288 2005 1333 impres-

342 1347 481 1383 siones
503 1347 806 1393 intelligibiliter
825 1350 865 1384 et
885 1358 967 1385 non
988 1349 1193 1385 mediante
1214 1349 1510 1394 phantasmate.
1536 1348 1641 1394 Ergo
1660 1348 1727 1384 illa
1746 1349 1796 1384 ab
1818 1347 2004 1384 omnibus

342 1406 674 1452 intelligerentur,
702 1408 742 1444 et
769 1408 802 1443 si
828 1417 931 1443 unus
959 1409 1070 1444 esset
1096 1408 1306 1453 propheta,
1334 1417 1476 1444 omnes
1505 1409 1647 1443 essent
1672 1408 1908 1452 prophetae.
2025 1408 2058 1433 20

481 1467 537 1502 20.
564 1466 766 1511 Amplius:
794 1467 956 1512 species
977 1467 1220 1512 intelligitur,
1248 1477 1338 1503 cum
1358 1467 1437 1503 iam
1457 1467 1570 1503 unita
1589 1466 1812 1502 intellectui
1832 1466 2007 1511 spoliata

346 1526 409 1561 est
434 1535 459 1561 a
485 1525 784 1562 conditionibus
811 1526 1086 1562 materialibus
1115 1526 1278 1562 omnino
1316 1527 1356 1562 et
1391 1527 1503 1562 unita
1533 1526 1757 1562 intellectui
1783 1526 2005 1561 secundum

346 1594 402 1620 se.
456 1583 560 1630 Ergo
588 1585 719 1621 omnis
746 1585 836 1621 talis
864 1585 1025 1630 species
1053 1585 1278 1630 aequaliter
1305 1595 1350 1621 se
1377 1586 1548 1621 haberet
1573 1586 1623 1621 ad
1652 1594 1806 1625 omnes,
1835 1584 1868 1620 si
1896 1585 2007 1620 esset

346 1643 575 1679 intellectus
601 1654 717 1679 unus.

486 1703 540 1737 21.
568 1702 665 1738 Item
694 1703 787 1747 quia
812 1703 947 1739 anima
968 1706 1031 1739 est
1051 1704 1136 1739 tota
1155 1703 1194 1739 in
1216 1703 1395 1748 qualibet
1414 1704 1528 1748 parte
1545 1705 1574 1728 1⁰
1599 1703 1792 1748 corporis,
1820 1702 1943 1738 sentit
1968 1702 2009 1738 in
2028 1713 2061 1738 25

347 1761 527 1805 qualibet
551 1762 667 1806 parte
695 1771 837 1798 omnes
864 1762 1072 1798 laesiones
1100 1762 1294 1807 corporis.
1332 1762 1575 1807 ubicumque
1615 1764 1708 1798 sunt
1745 1762 1784 1797 in
1824 1770 2008 1806 corpore,

347 1829 429 1855 non
455 1820 703 1865 impediente
730 1822 1015 1866 phantasmate
1043 1821 1212 1857 alicuius
1240 1831 1400 1857 sensus.
1450 1821 1554 1867 Ergo
1594 1822 1627 1857 si
1666 1822 1729 1857 est
1766 1830 1869 1856 unus
1897 1820 2010 1856 intel-

347 1879 476 1915 lectus
502 1880 542 1915 in
569 1879 768 1921 omnibus,
807 1890 896 1916 cum
923 1880 1151 1926 intelligere
1192 1881 1243 1916 sit
1280 1880 1373 1925 pati,
1413 1881 1603 1925 quidquid
1638 1880 1823 1925 intelligit
1849 1880 1885 1915 in
1915 1888 2010 1924 quo-

348 1948 531 1983 cumque,
557 1939 743 1984 intelligit
767 1939 807 1975 in
834 1939 913 1975 alio
941 1949 1207 1984 quocumque.

486 1998 540 2033 22.
560 1997 659 2034 Item
680 1999 904 2034 secundum
927 2008 1071 2034 omnes
1092 2000 1257 2035 sanctos
1278 2000 1319 2035 et
1338 1999 1605 2044 philosophos
1626 1999 1795 2044 angelus
1817 2000 1858 2034 et
1877 1998 2012 2034 anima
2030 2008 2064 2034 30

349 2057 559 2093 rationalis
581 2057 879 2103 distinguuntur
899 2067 972 2103 per
992 2058 1143 2094 unibile
1165 2059 1205 2094 et
1226 2068 1307 2094 non
1329 2058 1479 2094 unibile
1493 2061 1531 2099 11,
1548 2059 1652 2094 sicut
1665 2067 1740 2103 per
1759 2057 2011 2094 differentias

490 2144 507 2176 2
536 2144 570 2176 Si
596 2145 689 2177 sicut
714 2144 902 2186 perfectio]
927 2144 957 2177 A
985 2145 1050 2177 sed
1077 2145 1168 2177 sicut
1193 2145 1237 2177 de
1264 2146 1444 2185 perfecto;
1470 2146 1500 2178 Β
1520 2146 1586 2178 sed
1605 2146 1697 2178 sicut
1768 2146 1786 2177 7
1813 2143 1864 2183 ut]
1890 2145 1921 2177 Β
1941 2152 2011 2176 om.

352 2197 371 2228 9
398 2196 585 2236 motorem]
604 2197 633 2230 A
655 2199 789 2231 motum
862 2199 902 2230 11
924 2197 992 2237 est]
1014 2197 1045 2229 B
1063 2207 1133 2230 om.
1208 2199 1250 2230 15
1271 2198 1428 2237 diversa]
1451 2199 1479 2232 A
1503 2199 1748 2231 diversitatem
1809 2196 2013 2235 diversitas]

353 2249 384 2281 B
397 2250 560 2282 diversas
628 2251 668 2283 19
689 2247 972 2293 intelligibiliter]
994 2252 1022 2284 Β
1037 2252 1325 2284 intellectualiter
1392 2251 1434 2284 20
1457 2251 1752 2293 intelligerentur]
1769 2252 1797 2284 A
1814 2250 2013 2291 intelligun-

351 2304 408 2335 tur
489 2303 528 2335 21
552 2303 771 2345 intelligitur]
797 2304 825 2337 A
853 2305 1087 2345 intelligibilis
1169 2304 1211 2337 23
1237 2304 1399 2343 haberet]
1425 2305 1453 2337 A
1480 2305 1588 2338 habet
1609 2306 1644 2337 et
1716 2305 1757 2337 27
1784 2301 2014 2344 impediente]

352 2357 382 2388 Β
405 2357 611 2397 imponente
623 2356 669 2396 (‘.>)
743 2358 783 2390 31
812 2358 945 2390 unibile
966 2359 1001 2391 et
1021 2367 1092 2390 non
1109 2357 1256 2397 unibile]
1281 2358 1311 2390 A
1333 2359 1362 2391 d}
1382 2359 1412 2390 Β
1437 2358 1643 2390 universale
1664 2359 1699 2390 et
1718 2367 1788 2390 non
1809 2356 2014 2389 universale

492 2439 502 2461 1
533 2440 602 2473 Cfr.
628 2441 802 2481 Bonav.‚
832 2441 896 2482 Op.
925 2450 1023 2474 omn.
1050 2441 1089 2479 II,
1117 2441 1180 2473 221
1202 2441 1224 2473 b
1251 2439 1481 2481 (conclusio);
1508 2441 1574 2474 225
1595 2442 1617 2473 b
1643 2440 1704 2480 (3).

490 2492 505 2514 2
531 2493 600 2527 Cfr.
626 2495 797 2533 Bonav.‚
826 2494 891 2535 Op.
919 2503 1017 2527 omn.
1044 2494 1085 2527 V.
1113 2494 1178 2526 227
1200 2503 1230 2526 a.

491 2546 505 2566 ³³
531 2547 638 2587 Phys.
664 2548 687 2585 Ι,
714 2548 734 2580 9
761 2547 864 2587 (text.
891 2547 961 2587 81).
1103 2546 1117 2568 4
1144 2547 1212 2579 Cfr.
1240 2547 1384 2585 Arist„
1416 2547 1465 2579 De
1489 2547 1611 2580 Anim.
1637 2547 1676 2587 II,
1704 2548 1734 2580 2.

492 2599 506 2620 ·”’
532 2600 692 2641 Metaph.
719 2601 773 2639 XI,
801 2601 820 2632 8
846 2596 931 2642 (XII,
958 2601 1044 2633 text.
1074 2600 1116 2632 42
1137 2598 1274 2640 seqq.);
1309 2600 1548 2640 Averroes,
1584 2600 1678 2641 Epic.
1707 2601 1748 2633 in
1773 2599 1934 2640 Metaph.
1962 2598 2016 2631 1V.

492 2652 507 2673 ⁴³
532 2653 583 2685 De
607 2653 746 2686 Anima
783 2653 836 2692 ΙΙΙ,
866 2655 880 2686 1
918 2652 994 2692 (fol.
1023 2652 1181 2692 148ra);
1233 2654 1296 2686 cfr.
1334 2653 1534 2693 Thomas,
1575 2653 1716 2686 Contra
1754 2653 1854 2686 Gent.
1893 2652 1931 2691 11,
1958 2652 2017 2689 73;

357 2705 566 2738 Albertus
593 2706 795 2747 Magnus,
822 2707 873 2739 De
897 2706 1086 2745 Animal,
1112 2708 1156 2739 tr.
1185 2707 1214 2745 1,
1241 2715 1270 2738 c.
1298 2707 1328 2739 3.

492 2757 506 2779 7
532 2758 601 2791 Cfr.
628 2760 829 2799 Thomas,
857 2760 908 2792 De
932 2760 1072 2792 Anima
1096 2759 1150 2799 ΙΙΙ,
1176 2760 1202 2791 Β
1230 2760 1248 2791 2
1275 2758 1324 2800 (p.
1352 2758 1421 2799 74).

494 2810 509 2833 8
533 2812 585 2844 De
609 2812 748 2845 Anima
773 2813 825 2852 III,
854 2814 870 2845 1
898 2811 1001 2852 (text.
1031 2812 1065 2852 5)
1091 2812 1165 2852 (fol.
1195 2813 1258 2845 139
1271 2811 1310 2852 v).
1453 2812 1467 2834 9
1492 2813 1633 2846 Ibidem
1660 2811 1734 2852 (fol.
1763 2812 1827 2845 148
1840 2811 1880 2851 v).

484 2863 512 2886 10
536 2865 626 2898 Vide
652 2866 746 2898 infra
772 2867 910 2906 quaest.
937 2866 1055 2898 XXVI.

484 2916 510 2939 11
537 2918 606 2951 Cfr.
633 2919 801 2958 Bonav.‚
831 2919 896 2960 Op.
924 2928 1023 2952 omn.
1049 2919 1087 2958 ΙΙ,
1110 2920 1151 2951 47
1173 2926 1292 2959 seqq.;
1326 2919 1539 2959 praesertim
1567 2919 1606 2951 51
1623 2927 1645 2951 a
1665 2916 1733 2957 (4);
1769 2919 1808 2951 R.
1835 2918 2020 2950 Grosse-

356 2968 489 3009 teste,
527 2971 578 3003 De
601 2971 742 3004 Anima
772 2968 842 3013 (ed.
870 2972 904 3004 L.
931 2972 1060 3011 Baur,
1087 2972 1238 3004 Monast.
1267 2971 1403 3004 Guestf.
1432 2971 1536 3010 1912)
1568 2972 1654 3004 245;
1695 2971 1885 3011 „Dicimus,
1926 2970 2019 3011 quod

357 3032 428 3055 non
455 3024 511 3055 est
537 3024 651 3056 simile
673 3025 715 3057 de
737 3025 876 3066 angelis
897 3026 932 3057 et
952 3025 1151 3064 animabus,
1172 3025 1257 3065 quia
1276 3024 1396 3065 angeli
1417 3025 1501 3056 sunt
1524 3024 1747 3057 substantiae
1772 3033 1843 3056 non
1868 3023 2020 3056 unibiles

358 3076 512 3117 corpori,
539 3077 679 3109 animae
705 3086 793 3110 vero
819 3079 901 3110 sunt
927 3086 1116 3118 corporum
1143 3076 1417 3118 perfectiones.“
