2095 3459
306 189 372 223 156
808 191 982 223 Johannis
1008 191 1175 224 Pechami
1201 191 1450 229 Quaestiones.

306 286 401 322 tudo
428 285 665 322 necessaria
691 287 754 322 est
778 286 970 328 felicitati,
998 286 1189 331 quoniam
1214 286 1400 322 homines
1436 288 1576 332 turpes
1603 297 1685 323 non
1712 288 1806 323 sunt
1831 288 1965 324 delec-

306 343 460 379 tabiles.
511 343 673 380 Summa
692 345 828 381 autem
847 344 1101 389 pulchritudo
1121 345 1162 380 in
1182 345 1272 381 luce
1293 345 1479 381 consistit
1500 346 1539 381 et
1558 345 1751 382 claritate.
1783 346 1965 382 Necesse

307 403 370 437 est
394 402 514 448 igitur
538 402 606 438 illa
631 412 803 448 corpora
829 412 924 439 esse
952 402 1186 439 clarissima.

445 460 561 501 Quod
588 461 708 497 etiam
735 462 786 497 ob
813 462 890 497 hoc
915 470 1092 497 necesse
1119 463 1192 503 est,
1219 462 1312 506 quia
1337 462 1404 498 illa
1430 471 1603 507 corpora
1629 464 1830 499 ornabunt
1854 462 1967 498 nobi-

307 518 503 554 lissimum
522 528 737 564 corporum
758 519 1065 561 mundanorum,
1086 520 1241 556 scilicet
1261 520 1419 556 caelum
1439 530 1687 565 empyreum.
1720 520 1830 557 Sicut
1847 520 1967 567 igitur
1986 529 2002 553 5

101 581 161 613 fol.
188 580 289 612 34rb
310 586 456 622 corpus
482 578 712 620 humanum,
737 577 831 614 dum
860 579 977 614 ornat
1002 579 1162 620 terram,
1196 579 1259 614 est
1285 580 1512 620 obscurum,
1530 582 1544 622 ΙΙ
1561 579 1617 615 ita
1642 589 1716 624 per
1741 579 1969 624 oppositum

306 644 483 672 necesse
509 636 583 677 est,
608 637 662 678 ut,
694 636 857 681 quando
896 636 1056 672 ornabit
1092 637 1387 673 nobilissimum
1425 647 1583 682 corpus,
1616 638 1668 673 sit
1702 637 1969 674 clarissimum

307 693 531 730 secundum
556 694 659 730 illius
686 694 868 740 corporis
895 695 1166 731 existentiam.
1199 695 1284 732 Nec
1304 696 1440 732 obstat
1456 697 1564 741 quod
1584 706 1732 741 corpus
1752 697 1970 732 humanum

308 753 372 788 est
396 753 584 795 terreum,
612 753 728 798 quasi
764 762 840 798 per
875 754 954 790 hoc
987 763 1071 790 non
1107 754 1238 799 possit
1273 764 1368 791 esse
1401 755 1563 791 clarum.
1603 754 1837 800 Corporum
1862 754 1971 791 enim

308 811 510 855 quaedam
535 812 629 848 sunt
654 812 763 848 clara
795 822 848 849 ex
878 812 1043 858 propria
1074 813 1229 855 natura,
1261 814 1304 849 ut
1335 813 1398 849 sol
1428 813 1534 849 inter
1565 823 1739 858 corpora
1764 813 1969 850 caelestia.
1992 821 2025 845 10

307 869 411 905 Dicit
448 869 556 906 enim
593 870 970 914 Commentator,
1007 871 1110 908 libro
1145 871 1204 908 De
1239 872 1484 908 Substantia
1521 872 1663 908 Orbisl
1701 873 1809 917 quod
1834 872 1971 908 lumen

307 928 428 964 lunae
456 929 495 964 et
521 929 727 965 stellarum
754 931 817 966 est
842 930 1084 975 acquisitum
1109 940 1134 966 a
1154 931 1252 966 sole.
1292 930 1360 967 Sol
1380 931 1488 967 enim
1515 932 1578 967 est
1602 932 1645 966 ut
1664 931 1853 975 candela;
1878 930 1970 967 illae

307 996 406 1023 vero
427 988 469 1022 ut
495 988 714 1032 speculum.
765 988 881 1030 Quod
908 989 1061 1030 dicitur,
1087 999 1170 1025 non
1197 989 1290 1034 quia
1315 989 1465 1034 aliquid
1490 989 1652 1025 luminis
1686 999 1769 1025 non
1794 990 1973 1026 habeant

308 1046 358 1082 de
386 1055 443 1087 se,
471 1046 545 1082 sed
573 1047 666 1091 quia
690 1047 828 1083 lumen
852 1047 1034 1092 ipsorum
1060 1048 1124 1083 est
1149 1057 1173 1084 a
1193 1048 1281 1084 sole
1308 1047 1562 1092 completive.
1600 1048 1699 1084 Item
1719 1048 1823 1093 ignis
1850 1048 1973 1084 habet

309 1104 533 1140 claritatem
560 1115 612 1141 ex
636 1106 801 1151 propria
826 1107 981 1148 natura,
1006 1107 1046 1142 et
1070 1116 1154 1142 non
1180 1107 1306 1142 claret
1331 1106 1411 1146 nisi
1434 1106 1476 1142 in
1502 1107 1638 1142 aliena
1662 1108 1817 1148 natura,
1844 1107 1884 1142 in
1904 1107 1971 1142 illa
1992 1113 2024 1138 15

309 1172 429 1208 quam
454 1163 610 1200 urendo
636 1163 731 1200 facit
765 1165 926 1201 claram.
976 1165 1065 1201 Alia
1099 1166 1193 1201 sunt
1224 1174 1408 1210 corpora,
1440 1174 1545 1210 quae
1570 1165 1724 1201 habent
1749 1165 1972 1201 claritatem

308 1222 481 1258 aliunde.
529 1221 577 1257 Et
601 1223 679 1259 hoc
704 1223 770 1259 vel
798 1233 851 1259 ex
869 1224 960 1260 luce
980 1223 1238 1260 immobiliter
1256 1224 1517 1269 incorporata
1541 1224 1608 1260 vel
1635 1233 1688 1260 ex
1707 1224 1797 1260 luce
1817 1224 1973 1260 tantum

307 1280 452 1316 infusa.
500 1280 560 1316 Ex
585 1283 862 1327 incorporata:
900 1283 943 1318 ut
976 1282 1018 1318 in
1043 1282 1217 1318 metallis
1254 1282 1411 1324 accidit,
1451 1292 1556 1327 quae
1589 1292 1680 1318 cum
1706 1283 1786 1318 sint
1809 1284 1971 1319 terreae

308 1341 490 1381 naturae,
516 1340 668 1377 habent
693 1342 831 1377 tamen
858 1341 1082 1378 claritatem
1109 1341 1185 1377 sibi
1210 1341 1450 1386 acquisitam
1477 1351 1530 1377 ex
1549 1342 1694 1377 natura
1719 1342 1879 1378 luminis
1905 1341 1973 1378 ali-

309 1398 421 1434 cuius
446 1399 701 1443 planetarum
726 1400 767 1435 in
793 1400 893 1445 ipsis
919 1400 1177 1436 dominantis.
1227 1400 1393 1445 Septem
1419 1400 1527 1436 enim
1553 1401 1647 1436 sunt
1672 1401 1836 1436 metalla
1860 1400 1973 1436 iuxta
1991 1414 2025 1438 20

308 1457 505 1502 planetas.
555 1458 600 1494 V.
625 1468 662 1504 g.
689 1468 780 1495 cum
805 1469 947 1495 aurum
979 1459 1030 1495 sit
1061 1459 1266 1495 metallum
1297 1459 1690 1504 ponderosissimum
1717 1460 1757 1495 et
1781 1468 1856 1504 per
1880 1469 1974 1495 con-

309 1525 487 1562 sequens
514 1517 690 1554 maxime
717 1518 906 1560 terreum,
933 1519 1070 1554 tamen
1097 1518 1160 1554 est
1186 1518 1454 1554 clarissimum
1480 1518 1735 1554 metallorum
1767 1528 1820 1553 ex
1845 1517 1975 1553 incor-

308 1576 522 1620 poratione
548 1576 709 1612 luminis
736 1577 881 1613 solaris
908 1577 949 1613 in
975 1577 1076 1622 ipso.
1128 1576 1355 1613 Generatur
1381 1577 1490 1613 enim
1517 1587 1571 1613 ex
1595 1586 1703 1622 aqua
1729 1586 1871 1613 crassa
1901 1586 1975 1622 per

308 1634 561 1671 influentiam
598 1635 700 1672 radii
739 1636 894 1678 solaris,
941 1636 1044 1672 sicut
1081 1637 1294 1682 argentum
1333 1646 1386 1672 ex
1423 1636 1637 1672 influentia
1672 1636 1774 1672 radii
1809 1635 1973 1671 lunaris.

308 1694 425 1730 Dico:
452 1694 605 1730 habent
629 1695 762 1731 lucem
787 1695 1099 1741 incorporatam,
1120 1695 1215 1740 quia
1234 1704 1398 1740 semper
1416 1696 1563 1736 manet,
1585 1696 1679 1731 dum
1699 1695 1816 1731 durat
1835 1694 1974 1730 metal-
1993 1706 2027 1732 25

308 1753 399 1794 lum,
438 1753 532 1798 quia
565 1753 660 1790 licet
691 1754 929 1800 aeruginem
961 1755 1184 1795 contrahat,
1223 1755 1360 1790 tamen
1388 1754 1568 1790 limatum
1593 1763 1690 1790 mox
1722 1763 1837 1790 suam
1863 1753 1976 1789 clari·

309 1812 434 1848 tatem
471 1813 660 1849 ostendit.
722 1813 821 1849 Dico
866 1813 1091 1850 claritatem
1127 1813 1303 1849 infusam
1340 1813 1407 1849 vel
1443 1812 1710 1858 superfusam,
1749 1821 1854 1857 quae
1892 1821 1974 1848 non

309 1872 456 1913 manet,
495 1871 573 1907 nisi
599 1872 692 1908 dum
719 1872 891 1908 obicitur
923 1872 1137 1908 luminoso.
1188 1872 1298 1909 Sicut
1329 1873 1442 1917 patet
1467 1872 1518 1908 de
1544 1871 1694 1908 lumine
1721 1871 1855 1912 solari,
1882 1870 1976 1916 quia

308 1940 334 1966 a
357 1930 453 1966 luna
478 1930 670 1976 recipitur
705 1933 746 1967 et
781 1931 887 1967 forte
924 1932 1148 1983 secundum
1173 1931 1349 1976 aliquam
1380 1932 1537 1976 partem
1574 1930 1681 1966 intra
1712 1930 1800 1966 eius
1836 1939 1976 1974 super-

308 1989 443 2025 ficiem
462 1989 739 2034 profundatur.
765 1991 935 2036 Propter
954 1991 1063 2035 quod
1083 1990 1179 2026 dicit
1199 1990 1485 2036 Gregorius,
1510 1989 1659 2025 Moral.
1686 1988 1831 2025 ΧΧΙΙ.2
1851 1998 1976 2033 super
1994 1999 2028 2024 30

309 2048 404 2084 illud
432 2048 499 2092 „Et
524 2049 660 2085 lunam
684 2049 947 2086 incedentem
972 2050 1137 2092 clara“3,
1172 2049 1280 2094 quod
1314 2048 1431 2093 „luna
1461 2048 1707 2084 illuminatur
1731 2057 1757 2084 a
1788 2048 1876 2084 sole
1901 2057 1977 2093 per

310 2107 510 2143 occultum
536 2108 739 2150 circulum,
765 2108 787 2145 i.
816 2118 850 2145 e.
876 2118 951 2154 per
975 2108 1153 2153 aliquam
1181 2108 1243 2144 sui
1267 2109 1437 2153 partem,
1461 2108 1575 2144 cuius
1595 2107 1727 2152 portio
1749 2108 1790 2143 et
1814 2106 1976 2152 profun-

271 2209 274 2211 ,
310 2166 413 2202 ditas
441 2168 504 2202 est
530 2167 699 2203 occulta.
749 2167 791 2204 Si
817 2168 924 2204 enim
949 2167 1244 2204 illuminaretur
1268 2168 1424 2203 tantum
1449 2167 1674 2203 secundum
1705 2165 1975 2211 superficiem,

311 2226 423 2261 esset
449 2226 566 2271 quasi
592 2227 812 2271 speculum,
839 2227 881 2263 in
907 2221 986 2272 quo
1014 2227 1076 2263 sol
1102 2226 1278 2270 <videri>
1303 2227 1479 2272 posset.“
1528 2225 1570 2262 Si
1588 2225 1708 2271 igItur
1734 2234 1882 2270 corpus
1897 2225 1976 2260 ter-

310 2294 424 2320 reum
450 2285 687 2321 naturaliter
721 2287 875 2322 tantam
909 2287 1045 2331 potest
1078 2285 1245 2331 assequi
1281 2284 1516 2325 claritatem,
1552 2294 1636 2321 non
1671 2285 1735 2320 est
1761 2284 1914 2325 mirum,
1941 2283 1976 2319 si
1995 2299 2029 2324 35

310 2352 458 2388 corpus
495 2343 718 2390 gloriosum
755 2344 903 2381 virtute
942 2344 1241 2390 supernaturali
1281 2345 1372 2390 plus
1410 2343 1782 2389 incomparabiliter
1814 2342 1975 2379 luminis

309 2403 560 2447 assequatur.

448 2462 763 2499 Concedendum
790 2465 853 2500 est
878 2463 997 2509 igitur
1021 2463 1089 2499 illa
1114 2472 1287 2508 corpora
1311 2472 1407 2499 esse
1433 2462 1553 2498 clara.

104 2544 152 2580 D.
170 2544 312 2580 XVIII.
506 2546 675 2583 Solutio
703 2547 989 2584 obiectorum
1014 2546 1320 2592 <quaestionis
1346 2545 1785 2587 duodevicesimae>.

449 2631 479 2665 1.
506 2629 567 2665 Ad
594 2630 765 2674 primum
792 2630 996 2667 obiectum
1021 2631 1062 2666 in
1089 2630 1336 2667 contrarium
1360 2630 1412 2666 de
1438 2629 1692 2675 apparitione
1719 2627 1864 2665 Christi
1884 2628 1978 2672 post
1996 2642 2030 2668 40

309 2689 653 2725 resurrectionem
679 2689 906 2731 dicendum,
933 2690 1052 2735 quod,
1078 2690 1122 2726 ut
1147 2691 1297 2735 supra4.
1317 2689 1466 2726 dictum
1493 2689 1566 2731 est,
1586 2698 1735 2733 corpus
1755 2687 1977 2733 gloriosum

451 2787 494 2820 28
521 2787 642 2827 solari,
669 2788 755 2829 quia
780 2797 802 2821 a
827 2787 924 2827 luna]
951 2788 1018 2828 ley.
1044 2788 1171 2827 lunari,
1198 2788 1284 2828 quia
1308 2796 1331 2820 a
1354 2788 1431 2820 sole
1445 2784 1492 2827 (‘.>)

450 2887 463 2909 1
489 2888 578 2929 Cap.
604 2888 650 2927 11;
675 2888 738 2921 cfr.
766 2888 819 2921 De
845 2888 955 2922 Caelo
980 2889 1019 2929 Π,
1045 2897 1135 2921 com.
1162 2889 1205 2921 49
1230 2889 1267 2921 et
1290 2888 1344 2921 De
1363 2888 1498 2922 Causis
1516 2887 1796 2928 Proprietatum
1813 2885 1976 2918 Elemen—

316 2942 450 2980 torum,
476 2949 556 2982 cap.
582 2941 605 2974 Ι.

454 2993 469 3016 2
494 2993 632 3027 Moral.
658 2994 760 3034 XXII,
787 2995 806 3027 7
832 2993 904 3034 (PL
926 2995 979 3032 76,
1008 2995 1072 3027 221
1099 3003 1132 3027 n.
1161 2993 1229 3034 14).
1369 2993 1385 3016 ³
1409 2994 1490 3027 Job.
1517 2994 1571 3032 31,
1597 2993 1650 3026 26.

455 3045 470 3068 4
494 3047 581 3088 Pag.
610 3048 686 3087 125,
712 3047 738 3080 C
763 3047 849 3080 XIV.
