2095 3459
321 241 388 276 132
844 241 865 274 J
868 242 1020 275 ohannis
1047 242 1216 274 Pechami
1242 241 1493 279 Quaestiones.

127 344 188 376 rol.
215 344 319 376 30va
340 342 352 382 11
373 340 446 375 sed
471 339 565 384 quia
591 339 724 375 soluto
745 338 1001 384 prohibente,
1030 338 1053 374 i.
1075 348 1109 374 e.
1135 339 1342 375 destructa
1368 338 1500 375 forma
1527 339 1653 380 mixti,
1682 339 1886 375 elementa
1914 349 2007 375 con-

335 398 448 434 tinue
474 399 692 434 moventur
717 398 770 434 ad
795 398 931 434 locum
958 407 1086 433 suum.

475 457 537 493 Ad
564 457 770 493 obiectum
796 456 884 502 (12.)
911 457 963 492 de
989 456 1080 492 luce
1113 456 1342 499 dicendum,
1375 457 1484 501 quod
1515 456 1587 495 lux
1620 456 1662 493 in
1693 457 1790 493 aere
1826 467 1909 493 non
1945 458 2008 493 est

336 525 484 561 corpus
511 516 687 560 proprie,
726 515 918 560 quoniam
940 525 1088 560 corpus
1115 516 1179 551 est
1203 524 1304 551 vera
1330 515 1594 561 longitudine,
1622 515 1832 552 latitudine
1860 517 1901 552 et
1923 516 2008 552 alti-

335 574 475 611 tudine
502 575 676 620 spatium
703 574 783 611 loci
812 584 1032 619 occupans,
1058 575 1101 610 ut
1127 574 1318 617 <dicitur>
1343 574 1480 619 Super
1504 574 1696 612 Genesim
1722 576 1780 611 ad
1804 576 2007 612 Litteram
2027 583 2042 607 5

334 634 436 670 libro
463 636 517 670 71.
568 634 686 675 Quod
713 634 748 669 si
774 643 923 678 corpus
949 633 1170 678 improprie
1208 633 1374 675 dicatur,
1410 633 1515 678 quod
1545 634 1609 669 est
1643 633 1772 670 maius
1798 634 1840 670 in
1865 635 2008 671 maiori

336 693 468 738 spatio
496 702 618 738 quam
644 692 685 729 in
721 692 879 734 minori,
919 692 978 728 sic
1003 693 1141 737 potest
1178 692 1257 728 dici
1295 701 1454 737 corpus.
1505 691 1571 728 Sic
1609 692 1718 728 enim
1754 693 1931 738 loquitur
1957 694 2007 730 de

336 761 509 796 corpore
548 751 872 797 Augustinus:
912 751 972 787 De
999 751 1171 796 Oriyine
1196 751 1377 787 Animae
1407 753 1555 787 contra.
1588 751 1847 788 Vincentium
1861 754 1886 788 2.
1917 752 2008 789 Lar-

335 811 424 856 gius
453 810 576 847 etiam
613 810 821 856 loquendo
860 810 1005 846 dicitur
1044 820 1193 855 corpus
1232 810 1364 846 omnis
1396 810 1600 846 mutabilis
1632 811 1788 853 natura,
1832 812 1875 847 ut
1912 811 2008 848 dicit

335 870 658 915 Augustinus,
697 869 756 905 De
796 869 999 905 Trinitate
1024 869 1068 906 X.
1095 879 1182 914 cap.
1208 870 1262 905 73.
1311 868 1477 914 Proprie
1512 869 1632 914 igitur
1657 869 1864 914 loquendo
1890 871 2006 913 <lux>
2027 876 2059 901 10

335 939 418 964 non
446 930 509 965 est
535 938 684 974 corpus
695 931 720 964 4.

474 987 537 1024 Ad
563 987 850 1033 probationem
877 987 1096 1024 dicendum
1133 987 1242 1032 quod
1275 987 1346 1023 lux
1382 987 1424 1023 in
1461 987 1596 1023 medio
1636 988 1699 1024 est
1732 987 1903 1025 intentio
1940 990 2007 1026 vel

336 1047 499 1092 species
526 1046 711 1092 corporis
737 1046 940 1088 luminosi,
967 1047 1031 1082 est
1057 1046 1179 1082 etiam
1204 1046 1398 1082 accidens
1424 1046 1558 1082 medii.
1584 1046 1701 1083 Unde
1720 1047 1791 1083 lux
1809 1047 1851 1084 in
1870 1048 2005 1085 medio

335 1106 460 1142 habet
480 1106 560 1142 duo
584 1115 741 1152 genera
765 1105 1084 1141 dimensionum:
1110 1105 1234 1141 habet
1252 1105 1360 1141 enim
1381 1105 1679 1141 dimensionem
1697 1105 2007 1144 intentionalem
2094 1151 2095 1154 Ἴ

335 1175 360 1202 a
387 1175 461 1201 sua
488 1165 645 1211 origine
667 1165 707 1200 et
726 1164 881 1201 realem
902 1164 969 1200 vel
990 1164 1217 1200 naturalem
1236 1164 1288 1200 ab
1308 1164 1417 1200 aere.
1456 1163 1613 1210 Corpus
1635 1164 1743 1201 enim
1761 1165 2007 1203 luminosum
2028 1176 2059 1201 15
2094 1188 2095 1192 =

336 1224 573 1269 multiplicat
610 1223 793 1269 speciem
832 1233 959 1265 suam,
986 1233 1070 1259 non
1106 1224 1263 1259 tantum
1297 1222 1479 1268 speciem
1509 1222 1667 1260 formae
1701 1223 1807 1260 illius
1843 1225 2007 1270 proprie

335 1283 518 1325 visibilis,
546 1292 653 1328 quae
681 1283 745 1319 est
769 1283 850 1324 lux.
879 1283 954 1318 sed
986 1282 1109 1318 etiam
1144 1281 1327 1327 speciem
1354 1291 1454 1318 suae
1481 1282 1782 1328 magnitudinis.
1831 1283 1879 1320 Et
1904 1284 2008 1321 sicut

334 1343 416 1384 lux,
444 1352 549 1388 quae
577 1343 642 1378 est
665 1343 798 1378 forma
823 1340 1009 1386 corporis
1034 1340 1237 1382 luminosi,
1259 1340 1323 1387 est
1346 1340 1388 1376 in
1409 1340 1627 1386 superficie
1642 1341 1710 1378 vel
1728 1342 2007 1388 magnitudine

334 1402 527 1438 luminosi
552 1402 596 1437 ut
620 1401 662 1437 in
699 1401 896 1443 subiecto,
933 1400 990 1436 ita
1024 1399 1187 1445 species
1223 1399 1324 1436 lucis
1359 1399 1401 1435 in
1434 1399 1575 1444 specie
1610 1400 1911 1446 magnitudinis.
1960 1401 2008 1438 Et

336 1462 442 1497 hanc
468 1460 772 1506 porrectionem
798 1459 956 1505 speciei
982 1459 1072 1495 dico
1099 1458 1368 1503 quantitatem
1392 1458 1714 1501 intentionalem,
1740 1469 1846 1504 quae
1865 1460 2007 1497 reflee-
2026 1469 2060 1494 20

335 1520 430 1555 titur
455 1529 480 1556 a
507 1519 675 1564 speculo
703 1518 865 1554 obiecto
894 1519 935 1554 et
959 1517 1158 1564 frangitur
1184 1517 1226 1554 in
1252 1517 1443 1563 ingressu
1462 1517 1655 1563 diaphani
1680 1518 1843 1561 diversi,
1870 1520 2007 1556 sinon

337 1579 388 1615 sit
413 1577 764 1624 perpendicularis
792 1586 917 1622 super
942 1577 1087 1622 ipsum,
1114 1577 1155 1613 et
1181 1576 1298 1618 cadit,
1326 1576 1361 1612 si
1387 1577 1450 1612 est
1474 1576 1612 1613 radius
1644 1578 2006 1622 perpendicularis,

335 1636 653 1683 pendiculariter
678 1646 704 1672 a
730 1636 818 1672 sole
854 1636 896 1672 in
930 1636 1082 1672 terram
1107 1635 1196 1671 sine
1224 1635 1334 1671 omni
1359 1634 1645 1672 rarefactione.
1694 1635 1773 1672 Alii
1797 1646 1897 1673 vero
1923 1647 2007 1674 non

336 1695 698 1741 perpendiculares
724 1695 976 1741 franguntur.

476 1755 538 1790 Ad
564 1755 643 1790 hoc
670 1755 779 1799 quod
805 1753 893 1799 (13.)
921 1754 1044 1790 obicit
1078 1753 1219 1789 dicens
1254 1753 1410 1789 radium
1444 1753 1602 1790 moveri
1634 1754 1687 1790 ad
1717 1756 1870 1790 motum
1897 1755 2006 1797 solis,
2026 1762 2059 1788 25

335 1814 571 1859 respondeo
598 1823 672 1859 per
697 1813 1068 1858 interemptionem,
1095 1812 1190 1857 quia
1215 1811 1408 1848 accidens
1428 1813 1491 1848 est
1510 1812 1644 1854 medii,
1664 1822 1742 1849 nec
1760 1813 1885 1850 habet
1911 1824 2006 1850 esse
2094 1808 2095 1825 ³

336 1882 597 1919 permanens,
625 1873 699 1908 sed
730 1871 837 1908 fiens
848 1874 873 1914 5,
901 1871 1094 1908 continue
1127 1871 1235 1907 enim
1262 1871 1482 1916 generatur
1514 1871 1555 1907 et
1580 1871 1858 1916 corrumpitur.
1908 1871 2007 1908 Cum

337 1941 436 1977 ergo
462 1931 594 1968 forma
621 1930 804 1975 corporis
830 1930 1023 1966 luminosi
1058 1940 1111 1965 ex
1147 1939 1222 1965 sua
1247 1929 1481 1965 actualitate
1516 1931 1699 1975 generet,
1727 1939 1817 1966 cum
1843 1940 2007 1976 semper

337 1991 388 2027 sit
415 1990 600 2026 eiusdem
626 1989 885 2030 actualitatis,
920 1999 1085 2034 semper
1117 1989 1300 2034 generat,
1334 1989 1374 2024 et
1399 1988 1493 2024 ideo
1530 1988 1564 2024 si
1590 1989 1787 2030 maneret,
1814 1990 2006 2026 mundum
2094 2019 2095 2031 ,

335 2059 409 2095 per
444 2049 507 2085 sui
541 2048 919 2093 multiplicationem
954 2048 1216 2084 consumeret
1249 2047 1290 2082 in
1321 2047 1540 2083 momento.
1592 2046 1710 2087 Quod
1744 2048 1880 2084 autem
1913 2048 2007 2084 dicit
2026 2055 2059 2080 30
2094 2034 2095 2043 ¹

336 2108 608 2152 Dionysius
652 2107 783 2143 solem
821 2116 963 2143 secum
1000 2106 1235 2142 convellere
1273 2105 1411 2142 radios
1451 2115 1560 2147 suos,
1599 2105 1906 2151 intelligendum
1944 2107 2006 2142 est

336 2167 561 2203 secundum
588 2165 873 2211 apparentiam
899 2174 1060 2202 sensus.

475 2225 537 2261 Ad
563 2225 747 2261 ultimum
773 2224 862 2270 (14.)
889 2224 1106 2261 dicendum
1133 2224 1241 2269 quod
1267 2223 1364 2259 illud
1383 2223 1481 2260 nihil
1500 2223 1620 2266 valet,
1647 2223 1742 2269 quia
1766 2223 1876 2260 linea
1901 2234 2006 2260 com-

334 2284 485 2330 patitur
511 2294 653 2320 secum
678 2284 841 2325 lineam,
870 2283 1096 2320 secundum
1122 2283 1231 2328 quod
1253 2283 1316 2318 est
1335 2282 1600 2318 indivisibilis.
1652 2282 1842 2318 Similiter
1868 2292 2006 2328 super-

333 2343 449 2379 ficies
477 2342 749 2388 superficiem.
800 2342 958 2388 Corpus
984 2342 1122 2378 autem
1149 2351 1203 2377 ex
1229 2341 1339 2378 omni
1363 2342 1479 2386 parte
1506 2342 1569 2377 est
1595 2341 1807 2383 divisibile,
1840 2342 1880 2377 et
1911 2342 2004 2378 ideo
2025 2348 2056 2373 35
2092 2328 2094 2338 ’

334 2401 444 2438 1111110
471 2402 593 2438 modo
621 2401 866 2446 compatitur
892 2410 1033 2437 secum
1059 2400 1167 2437 aliud
1194 2409 1342 2445 corpus
1369 2400 1565 2436 naturale.

554 2483 810 2530 Responsio
837 2484 922 2526 <ad
949 2483 1268 2528 quaestionem
1294 2482 1522 2518 decimam
1548 2482 1787 2527 quintam>.

472 2554 532 2590 De
560 2555 743 2590 secundo
766 2554 954 2599 quaesito
977 2554 1205 2595 dicendum,
1232 2553 1340 2598 quod
1363 2561 1510 2597 corpus
1531 2552 1752 2598 gloriosum
1767 2562 1849 2589 non
1869 2553 2006 2598 potest

332 2623 427 2650 esse
455 2613 572 2649 simul
598 2613 690 2650 loco
718 2623 810 2649 cum
829 2613 1023 2659 glorioso,
1045 2612 1138 2657 quia
1158 2612 1324 2657 propter
1351 2611 1611 2647 existentiam
1639 2621 1753 2647 suam
1780 2611 2005 2647 naturalem

472 2724 491 2756 8
518 2723 657 2763 contra]
685 2724 730 2756 ad
812 2719 1053 2763 Vincentium]
1091 2722 1127 2759 -Ι-
1159 2723 1212 2754 14.
1239 2722 1291 2754 De
1317 2722 1410 2754 Trin.
1438 2730 1517 2761 cap.
1545 2722 1564 2753 7
1675 2722 1715 2753 12
1742 2720 2004 2761 probationem]

330 2777 510 2810 obiectum
609 2777 650 2808 16
677 2775 827 2815 tantum]
854 2777 975 2808 tamen
1072 2775 1113 2807 39
1141 2774 1233 2814 cum]
1264 2774 1300 2812 -l-
1329 2783 1401 2806 non

470 2882 482 2903 1
508 2882 580 2921 VII,
609 2883 649 2914 21
679 2881 749 2921 (PL
775 2882 828 2921 34,
857 2882 923 2914 365
950 2890 983 2913 n.
1012 2879 1080 2919 27).

468 2934 483 2956 ‘2
509 2935 561 2967 De
585 2935 726 2968 Anima
752 2936 785 2967 et
810 2935 901 2966 Eius
930 2934 1081 2973 Origine
1106 2933 1162 2972 IV,
1192 2934 1232 2965 12
1260 2931 1330 2971 (PL
1357 2933 1410 2971 44,
1438 2932 1503 2964 534
1529 2941 1562 2964 11.
1591 2931 1658 2971 17).

468 2987 482 3008 3
509 2988 564 3020 PL
591 2988 644 3026 42,
673 2988 738 3020 978
765 2996 798 3019 11.
826 2989 863 3027 9;
891 2987 953 3018 cfr.
980 2986 1094 3026 Epist.
1125 2986 1189 3018 166
1216 2984 1322 3025 (alias
1350 2984 1417 3025 28),
1444 2993 1524 3025 cap.
1552 2985 1570 3017 2
1597 2983 1668 3024 (PL
1694 2985 1747 3024 33,
1770 2985 1833 3017 721
1862 2993 1894 3017 n.
1916 2983 1982 3023 4)..

468 3039 481 3060 4
509 3040 579 3072 Cfr.
606 3040 778 3078 Bonav„
808 3040 873 3080 Op.
902 3047 1000 3071 omn.
1027 3038 1065 3077 II,
1094 3038 1160 3070 317
1181 3047 1229 3071 ss.

467 3091 481 3113 5
508 3092 578 3125 Cir.
605 3093 740 3124 ibidem
768 3092 844 3131 324,
871 3092 957 3123 nota
985 3091 1037 3123 10.
