2095 3459
833 171 1007 208 Quaestio
1037 172 1118 205 xiii,
1740 175 1804 208 100

272 267 325 304 11.
352 268 450 304 Item
478 268 611 304 motus
651 278 733 304 non
763 270 827 305 est
853 270 1019 314 propter
1055 279 1112 311 se,
1152 270 1246 315 quia
1271 270 1364 306 finis
1404 273 1536 308 motus
1576 273 1639 309 est
1677 273 1803 317 quies.

132 327 236 374 Ergo
263 327 395 364 omnis
423 327 629 363 discordia
655 328 864 364 ordinatur
898 329 947 364 ad
987 338 1141 373 pacem.
1192 329 1295 374 Ergo
1336 340 1424 366 cum
1464 330 1501 366 in
1542 340 1714 376 corpore
1754 333 1804 368 sit

132 386 347 428 discordia,
388 387 598 423 ordinatur
636 387 874 423 naturaliter
911 388 961 423 ad
1002 388 1191 432 quietem.
1255 388 1334 425 Sed
1380 389 1495 434 quies
1540 400 1621 427 non
1667 392 1803 435 potest

132 446 307 482 obtineri
334 446 374 481 in
401 447 476 482 hac
502 446 586 482 vita
613 448 652 482 et
678 446 718 482 in
740 456 912 491 corpore
934 448 1194 492 corruptibili.
1233 447 1337 493 Ergo
1361 449 1544 485 naturale
1567 450 1630 485 est
1650 451 1801 486 homini

96 513 112 536 r,
132 514 157 541 a
182 505 443 550 corruptione
470 505 689 550 pervenire
716 506 767 541 ad
795 506 1153 550 incorruptionem.

273 564 452 600 12..Item
480 573 560 609 qua
585 564 744 600 ratione
772 574 919 610 corpus
947 566 1165 601 humanum
1194 566 1256 601 est
1283 567 1420 602 natum
1446 567 1497 603 ad
1524 577 1645 603 unam
1667 568 1801 604 dotem

131 624 298 670 gloriae,
324 623 463 659 natum
486 624 550 659 est
571 623 691 659 etiam
714 624 765 659 ad
785 624 916 659 aliam.
957 623 1035 660 Sed
1058 625 1195 660 natum
1218 626 1282 660 est
1301 626 1351 661 ad
1377 626 1512 662 dotem
1535 627 1612 662 cla·
1629 629 1643 670 ΙΙ
1662 627 1801 664 ritatis.

133 683 248 724 Quod
275 682 437 719 videtur
462 682 636 727 probari,
675 683 770 728 quia
806 685 952 720 natura
989 684 1291 728 perspicuitatis
1331 685 1475 721 eadem
1512 686 1575 721 est
1609 686 1649 722 in
1685 696 1802 731 aqua,

132 743 229 779 aere
267 743 306 778 et
341 742 510 778 caelesti
544 751 726 786 corpore.
779 742 859 778 Sed
898 743 1168 787 perspicuitas
1208 744 1271 778 est
1309 744 1509 788 quaedam
1548 745 1803 790 participatio

82 802 245 838 wlueis.
293 801 400 847 Ergo
427 800 468 836 in
494 810 667 845 corpore
693 801 882 842 humano,
924 801 1148 837 secundum
1184 802 1292 846 quod
1329 803 1451 838 habet
1485 804 1535 839 de
1571 803 1688 839 dictis
1724 804 1804 840 ele-

133 860 293 901 mentis,
333 862 397 896 est
429 860 501 895 lux
533 861 608 895 sub
636 869 731 896 esse
757 860 1017 905 incompleto.
1067 860 1310 897 Naturaliter
1337 862 1472 897 autem
1499 864 1635 906 potest
1660 862 1804 908 imper-

132 919 283 956 fectum
308 918 399 955 fieri
424 918 651 964 perfectum
678 920 719 955 et
744 919 1033 964 incompletum
1061 919 1316 964 completum.
1357 919 1462 966 Ergo
1491 922 1564 957 etc.
1614 920 1801 958 Probatio

134 979 280 1015 ultimi:
307 978 412 1014 Dicit
439 977 546 1014 enim
572 977 880 1024 Augustinus
906 978 946 1013 in
973 978 1075 1014 libro
1102 978 1161 1014 De
1185 978 1455 1015 Mirabilibus
1473 979 1625 1016 Sacrae
1644 980 1802 1025 <Scrip-

135 1040 303 1080 turae>1
328 1037 503 1082 loquens
531 1037 581 1073 de
607 1046 738 1073 uxore
770 1036 843 1072 Lot
880 1038 1034 1073 mutata
1065 1037 1105 1073 in
1134 1038 1308 1073 statuam
1335 1038 1444 1080 salis,
1476 1039 1585 1083 quod
1610 1039 1688 1075 hoc
1713 1038 1802 1075 fieri

85 1103 116 1128 15
135 1097 275 1143 potuit,
315 1096 409 1141 quia
442 1096 571 1132 salem
599 1105 694 1132 esse
721 1097 761 1132 in
789 1106 961 1141 corpore
988 1097 1172 1132 humano·
1191 1097 1303 1141 patet
1330 1107 1384 1133 ex
1409 1097 1643 1134 humoribus
1671 1098 1801 1141 salsis,

136 1157 177 1192 et
202 1155 333 1192 addit:
362 1155 480 1197 „Pars
507 1155 575 1191 illa
599 1155 841 1191 tenuissima
867 1155 975 1197 salis,
1003 1165 1108 1200 quae
1136 1156 1248 1191 carni
1273 1155 1471 1198 inhaeret,
1501 1156 1626 1192 totum
1654 1166 1801 1202 corpus

135 1214 308 1251 infecit“.

883 1279 1061 1316 Contra.

276 1365 307 1399 1.
334 1363 710 1405 Damascenus2,
745 1363 847 1400 libro
884 1363 1011 1408 primo
1048 1373 1134 1408 cap.
1162 1364 1223 1399 10:
1264 1363 1534 1409 „Compositio
1566 1363 1803 1408 principium

86 1433 119 1458 220
140 1423 204 1460 est
228 1432 402 1468 pugnae,
431 1424 471 1458 et
495 1431 633 1468 pugna
659 1422 888 1464 distantiae,
922 1422 1114 1458 distantia
1139 1432 1238 1458 vero
1266 1422 1490 1465 solutionis,
1529 1422 1676 1458 solutio
1704 1431 1802 1458 vero

138 1482 339 1518 alienatur
364 1491 389 1518 a
415 1481 536 1518 Deo.“
587 1481 692 1527 Ergo
720 1482 944 1517 secundum
972 1482 1049 1517 hoc
1074 1483 1245 1524 <omne>
1283 1491 1377 1517 esse
1415 1481 1522 1517 aliud
1555 1491 1580 1517 a
1614 1481 1701 1517 Deo
1741 1482 1803 1517 est

139 1540 322 1582 solubile,
349 1540 525 1576 maxime
553 1549 700 1585 corpus
728 1540 996 1585 compositum
1023 1550 1076 1576 ex
1102 1540 1325 1576 contrariis.
1363 1540 1460 1576 Illud
1482 1540 1545 1576 est
1563 1540 1802 1576 huiusmodi.

138 1599 243 1646 Ergo
270 1600 345 1635 etc.

277 1659 308 1694 2.
334 1658 642 1704 Respondetur:
682 1657 875 1699 Quamvis
904 1668 957 1694 ex
983 1658 1197 1694 contrariis
1225 1659 1501 1703 componatur,
1537 1660 1674 1694 tamen
1710 1667 1804 1693 con-

88 1724 121 1750 25
141 1717 264 1753 traria
288 1717 465 1763 ligantur
492 1718 532 1753 et
557 1717 831 1762 impediuntur
856 1720 926 1760 <a>
953 1718 1092 1753 mutua
1116 1717 1422 1763 impugnatione
1447 1726 1521 1762 per
1546 1717 1725 1762 gloriam.

277 1776 446 1812 Contra:
474 1776 818 1822 Augustinus-³³.
853 1768 930 1812 VII.
959 1776 1016 1812 De
1041 1776 1122 1812 Civ.
1150 1785 1235 1822 cap.
1262 1776 1325 1812 30:
1354 1776 1485 1819 „Deus
1513 1777 1719 1812 creaturas
1746 1775 1804 1810 sic

140 1835 404 1877 administrat,
443 1836 487 1871 ut
525 1844 596 1871 eas
632 1835 820 1880 proprios
856 1836 989 1871 motus
1025 1845 1149 1881 agere
1185 1835 1324 1871 sinat.“
1375 1834 1479 1881 Ergo
1505 1843 1711 1879 nunquam
1738 1843 1804 1869 na—

139 1895 278 1931 turalis
317 1896 449 1931 motus
488 1894 705 1940 impeditur
742 1903 816 1939 per
849 1895 1030 1939 gratiam.
1082 1894 1162 1931 Sed
1197 1894 1391 1930 naturalis
1427 1894 1559 1930 motus
1591 1902 1716 1929 causa
1743 1894 1805 1928 est

140 1954 424 1999 corruptionis.
473 1953 579 2000 Ergo
608 1954 683 1989 etc.

87 2019 120 2044 3⁴·
278 2014 310 2049 3.
337 2013 436 2050 Item
462 2012 716 2049 Avicenna
742 2012 861 2049 dicit4
887 2013 995 2058 quod
1021 2012 1251 2057 complexio
1289 2013 1352 2048 est
1388 2011 1572 2057 qualitas,
1610 2020 1714 2056 quae
1752 2012 1803 2047 ab

140 2072 302 2108 actione
328 2072 504 2108 invicem
531 2073 572 2108 et
596 2072 792 2116 passione
819 2072 1113 2108 contrariarum
1139 2071 1374 2116 qualitatum
1394 2071 1587 2115 procedit.
1638 2070 1679 2106 Si
1706 2079 1803 2115 ergo

117 2128 119 2130 ’
140 2131 179 2167 in
205 2131 341 2167 futura
366 2130 450 2166 vita
476 2131 540 2166 est
564 2140 664 2166 vere
692 2140 840 2176 corpus
866 2131 1096 2172 humanum,
1135 2131 1199 2167 est
1230 2130 1352 2166 etiam
1376 2139 1476 2166 vere
1502 2129 1803 2174 complexiona-

141 2192 234 2225 tum.
283 2189 389 2235 Ergo
416 2199 516 2225 vere
544 2190 608 2226 est
632 2189 673 2225 in
701 2199 750 2225 eo
783 2190 889 2226 actio
928 2189 1164 2234 qualitatum
1200 2189 1424 2225 activarum
1463 2189 1502 2225 et
1539 2188 1802 2233 passivarum.

142 2248 222 2284 Sed
248 2248 354 2285 actio
383 2249 423 2284 et
447 2248 588 2294 passio
615 2258 698 2284 non
725 2249 819 2284 sunt
845 2249 932 2285 sine
960 2248 1230 2292 corruptione.
1280 2247 1384 2293 Ergo
1412 2249 1486 2283 etc.

87 2313 121 2338 35
280 2308 312 2343 4.
338 2307 499 2353 (Deest).

279 2367 312 2402 5.
338 2365 437 2402 Item
463 2366 603 2402 ultima
629 2365 862 2402 differentia
887 2366 950 2402 est
976 2365 1208 2401 essentialis
1237 2364 1451 2400 distinctio.
1499 2363 1587 2406 <Si>
1614 2372 1712 2408 ergo
1740 2362 1803 2398 est

142 2424 373 2461 differentia
391 2424 566 2461 hominis
588 2425 759 2461 mortale
768 2428 795 2466 ὃ,
822 2424 926 2460 sicut
951 2423 1183 2460 differentia
1207 2423 1380 2459 hominis
1407 2422 1545 2459 ultima
1569 2421 1646 2458 erit
1664 2429 1803 2457 essen-

142 2483 247 2519 tialis
273 2484 436 2520 homini.
487 2483 569 2520 Sed
594 2483 723 2529 gloria
748 2483 845 2519 nihil
871 2482 973 2519 tollit
999 2482 1231 2519 essentiale.
1279 2481 1384 2527 Ergo
1412 2482 1486 2517 etc.

281 2543 313 2579 6.
339 2542 438 2579 Item
463 2542 573 2578 idem
599 2542 768 2578 mittitur
791 2542 832 2577 in
858 2551 1006 2577 sensus
1034 2542 1075 2578 et
1106 2540 1362 2577 contrarium.
1412 2539 1492 2576 Sed
1530 2547 1704 2584 corpora
1737 2536 1805 2573 illa

89 2613 125 2638 40
144 2601 263 2637 erunt
300 2601 521 2637 sentientia
559 2601 599 2637 et
634 2601 839 2646 organica,
876 2600 1087 2644 receptiva
1125 2599 1353 2644 specierum
1390 2598 1651 2634 sensibilium.
1699 2595 1804 2641 Ergo

144 2660 268 2696 etiam
305 2669 479 2705 corpora
517 2661 635 2696 erunt
672 2659 882 2704 receptiva
915 2659 1105 2696 virtutum
1144 2657 1447 2694 contrariarum.
1508 2656 1586 2693 Sed
1633 2665 1687 2691 ex
1728 2655 1805 2690 hoc

285 2764 302 2796 1
330 2764 481 2804 propter
506 2762 560 2802 se]
584 2764 702 2796 motus
779 2764 797 2795 4
824 2761 987 2801 obtineri]
1015 2761 1151 2802 optima
1245 2761 1287 2794 10
1313 2759 1429 2799 dictis]
1455 2759 1552 2792 decis
1638 2759 1678 2790 14
1706 2757 1805 2797 salis]

147 2815 185 2854 —l—
215 2816 299 2849 dicit
407 2816 449 2848 16
474 2815 650 2855 inhaeret]
676 2816 841 2849 inhaerat
949 2815 991 2847 26
1018 2813 1090 2852 VII]
1123 2823 1144 2846 a
1250 2813 1292 2846 30
1320 2812 1426 2854 quae]
1460 2812 1498 2850 -1-
1527 2813 1582 2844 est
1690 2811 1732 2841 39
1759 2805 1805 2844 etl

148 2869 186 2907 -l-
214 2870 251 2901 in
347 2869 388 2901 41
416 2877 571 2909 corpora
597 2867 713 2907 erunt]
739 2877 871 2909 corpus
897 2868 962 2900 erit

285 2974 297 2996 ¹
324 2975 411 3015 Cap.
439 2975 480 3007 11
507 2973 578 3014 (PL
603 2974 657 3014 35,
685 2973 799 3014 2161).
940 2972 955 2994 2
980 2973 1002 3012 Ι,
1030 2973 1048 3004 4
1076 2971 1151 3010 (PG
1176 2972 1229 3010 94,
1257 2970 1347 3010 797).

284 3025 299 3049 ³
323 3027 394 3065 VII,
422 3027 464 3060 30
491 3025 562 3067 (PL
588 3028 642 3066 41,
669 3026 760 3066 220).
902 3025 916 3046 ⁴
943 3024 1033 3058 surr.
1059 3025 1083 3064 I,
1110 3025 1140 3057 6.
1281 3023 1295 3043 ἵ»
1321 3023 1388 3055 Cfr.
1416 3031 1526 3062 supra
1557 3031 1578 3062 p
1620 3022 1671 3061 16,
1698 3020 1726 3052 A
1753 3020 1805 3051 26.

1828 631 1888 663 sol.
1911 632 1980 664 272·
1992 633 2011 663 h

1826 1285 1874 1322 B.
