2095 3459
336 208 496 244 XXXVI
830 211 851 243 J
855 211 1006 243 ohannis
1032 211 1201 243 Pechami
1227 210 1477 247 Quaestiones.

475 313 601 359 Quae
632 323 733 353 cum
763 313 825 354 ita
856 312 955 362 sint,
988 312 1152 352 nemini
1178 312 1395 362 prudenti,
1435 323 1527 352 rem
1560 323 1704 361 aequa
1736 314 1863 352 lance
1896 323 2001 362 pen-

337 388 464 437 santi,
509 388 851 439 vituperandum
883 387 1116 436 videbitur,
1162 387 1280 437 quod
1312 388 1491 438 saepius
1523 389 1620 428 sola
1652 389 1908 429 coniectura
1939 389 2001 429 in-

336 464 420 505 nisi
451 466 623 504 textum
654 464 934 513 mutavimus
977 464 1039 504 ita
1069 466 1231 513 tamen,
1271 466 1317 504 ut
1350 465 1488 504 verba
1519 446 1684 505 codicis
1716 465 2003 515 manuscripti

337 542 381 581 in
406 541 522 581 notis
549 541 710 581 criticis
736 541 1030 589 inveniantur,
1060 540 1259 590 exceptis
1284 541 1509 581 nonnullis
1536 541 1798 591 corruptelis
1825 541 2002 581 omnino

338 617 469 658 certis
502 619 635 667 atque
668 617 763 658 sine
797 618 929 657 dubio
974 617 1235 657 amanuensi
1280 617 1450 667 debitis,
1496 628 1607 668 quas
1649 619 1807 658 notare
1851 629 2003 667 super-

338 695 476 734 fluum
509 694 716 734 duximus
732 688 757 734 ¹.
819 694 883 734 Ea
914 695 1066 743 verba,
1110 705 1224 743 quae
1257 694 1397 734 textui
1429 694 1788 744 interposuimus,
1830 694 2003 734 uncinis

338 775 357 813 <
390 775 409 813 >
442 773 544 811 sunt
576 771 829 811 interclusa.
894 770 990 810 Non
1024 781 1126 811 raro
1159 771 1240 810 has
1272 771 1637 821 interpolationes
1678 770 1791 811 sicut
1832 772 1874 811 et
1910 782 2003 811 mu-

337 848 527 887 tationes
558 849 649 887 tam
681 858 739 887 ex
771 849 983 887 contextu
1016 858 1148 897 quam
1181 859 1238 887 ex
1266 847 1575 888 difficultatum
1601 848 1673 887 vel
1699 848 2003 897 oppositorum

338 924 556 964 solutione
589 934 687 964 esse
720 926 871 964 erutas
902 924 1034 964 facile
1065 924 1278 964 invenies.

476 1000 523 1040 In
554 1000 669 1040 notis
702 1000 864 1041 criticis
897 1001 964 1040 usi
996 1011 1149 1040 sumus
1182 1000 1317 1051 signis
1345 1000 1463 1051 apud
1495 1001 1602 1041 artis
1641 1001 1801 1042 edendi
1837 1000 2003 1051 peritos

339 1079 644 1119 communibus
657 1072 685 1118 ².
750 1078 977 1129 Significat
1009 1078 1141 1129 igitur
1168 1089 1203 1118 e.
1232 1089 1271 1129 g.
1294 1074 1448 1129 prius]
1477 1077 1655 1128 prioris
1681 1077 1878 1118 codicem
1901 1070 2002 1117 *loco

338 1155 463 1196 verbi
490 1155 628 1206 prius
660 1155 872 1195 exhibere
898 1155 1101 1206 prioris,·
1142 1151 1269 1203 item]
1309 1155 1351 1199 -4-
1379 1154 1466 1194 erit
1506 1154 1726 1205 significat
1766 1154 1811 1193 in
1851 1164 2003 1195 manu-

336 1233 503 1282 scripto
544 1234 645 1282 post
683 1231 792 1272 item
833 1232 935 1272 addi
976 1232 1063 1272 erit
1104 1242 1131 1271 a
1170 1232 1298 1272 nobis
1339 1232 1384 1271 in
1416 1233 1541 1271 textu
1574 1231 1852 1281 ommissum;
1897 1241 2003 1281 eryo

339 1307 525 1359 quando
558 1304 743 1356 desinit]
786 1309 827 1352 -l-
870 1317 976 1358 erqo
1020 1307 1210 1358 quando
1254 1307 1423 1347 desinit
1465 1306 1650 1356 proinde
1695 1307 1915 1358 significat
1958 1307 2002 1347 in

339 1385 490 1425 codice
534 1395 612 1424 ms,
657 1384 813 1424 haberi
856 1384 967 1423 haec
1011 1384 1150 1424 verba
1192 1383 1236 1423 in
1288 1383 1603 1434 dittographia,
1656 1394 1788 1433 quam
1839 1382 2002 1442 dicunt.

339 1462 488 1502 Verba
518 1461 673 1501 litteris
706 1460 884 1500 Italicis
913 1460 958 1499 in
988 1461 1114 1500 textu
1141 1461 1213 1500 vel
1244 1460 1289 1500 in
1322 1461 1541 1510 apparatu
1573 1460 1840 1500 variantium
1873 1470 1997 1499 occu-

339 1538 482 1578 rentia
513 1539 614 1578 sunt
646 1537 1056 1578 animadversiones
1088 1547 1115 1576 a
1146 1536 1273 1577 nobis
1306 1536 1507 1576 adiectae
1521 1530 1549 1577 3.

480 1614 618 1655 Omne
640 1614 758 1664 quod
777 1614 1000 1664 potuimus
1020 1613 1214 1653 studium
1233 1613 1539 1663 impendimus,
1561 1615 1608 1653 ut
1633 1613 1791 1662 fontes,
1814 1606 2005 1653 auctori-

339 1695 466 1740 tates,
494 1692 629 1740 locos‚
657 1702 713 1731 ex
741 1691 899 1741 quibus
926 1689 1061 1731 Pech
1073 1701 1215 1730 amus
1242 1700 1368 1730 suam
1395 1690 1642 1730 doctrInam
1668 1690 1739 1729 vel
1766 1700 1848 1730 sua
1874 1699 2002 1740 argu-

340 1770 489 1809 menta
527 1767 687 1816 hausit,
733 1776 1138 1816 conquaereremus
1181 1767 1223 1806 et
1265 1767 1474 1812 accurate
1506 1765 1802 1806 indicaremus
1834 1787 1889 1792 —
1921 1775 2001 1815 pro

340 1845 506 1886 viribus
526 1843 687 1884 nostris
707 1845 812 1883 tunc
834 1854 1022 1893 quoque,
1050 1843 1227 1892 quando
1256 1843 1412 1882 auctor
1437 1842 1531 1892 ipse
1559 1842 1694 1882 variis
1721 1842 2002 1892 antiquorum

341 1915 498 1964 effatis,
542 1914 881 1962 definitionibus,
925 1913 1196 1964 argumentis
1236 1924 1343 1953 usus
1384 1913 1641 1953 nominatim
1673 1913 1838 1953 fontem
1872 1923 1999 1952 suum

341 2003 429 2033 non
462 1992 636 2042 allegat.
700 1990 796 2036 Quo
828 1990 873 2030 in
906 2001 1052 2040 opere,
1096 1990 1208 2029 sicut
1240 1991 1282 2030 et
1314 1989 1438 2038 alias,
1479 1999 1639 2040 magno
1671 1989 1800 2029 nobis
1833 1989 2000 2028 auxilio

341 2069 477 2109 fuisse
502 2068 780 2118 praeclaram
811 2067 931 2106 illam
963 2077 995 2106 s.
1030 2066 1437 2106 Bonaventurae
1470 2066 1732 2116 scriptorum
1765 2065 2001 2106 editionem

344 2143 795 2191 Quaracchianam
833 2144 958 2194 grato
996 2143 1159 2193 pioque
1203 2142 1348 2183 animo
1393 2142 1678 2182 libentissime
1719 2142 2000 2193 agnoscimus

343 2233 396 2262 ac
435 2221 706 2271 profitemur.
770 2219 954 2260 Omnem
996 2230 1102 2259 vero
1143 2219 1385 2259 Pechami
1425 2230 1507 2259 nos
1551 2218 1888 2269 dependentiam
1928 2219 2000 2258 de-

342 2298 508 2338 texisse
540 2297 624 2346 vel,
670 2307 767 2336 cum
812 2296 857 2336 in
901 2296 1045 2345 capite
1090 2295 1396 2345 quaestionum
1444 2295 1496 2335 ad
1540 2295 1650 2335 alios
1690 2297 1895 2335 auctores
1933 2306 1999 2335 re-

481 2430 494 2453 1
519 2432 578 2464 Bis
604 2432 736 2463 tanturn
765 2431 936 2463 maiorem
970 2430 1212 2470 corruptelam
1246 2430 1282 2462 in
1316 2430 1410 2462 notis
1444 2438 1515 2462 non
1550 2430 1721 2462 dedimus.
1772 2429 1873 2470 Legit
1907 2430 1998 2462 enim

345 2486 468 2518 Codex
494 2493 559 2526 pro
585 2483 636 2515 De
665 2482 877 2515 Tusculanis
900 2501 943 2505 -—
962 2500 1007 2504 -—
1027 2481 1150 2524 quibus
1175 2481 1306 2514 similes
1335 2481 1383 2523 (p.
1412 2480 1575 2522 20,1-2):
1603 2481 1644 2513 de
1669 2481 1864 2514 tusculanis
1884 2481 2000 2523 philo-

344 2537 461 2579 sophis
486 2547 539 2569 eos
561 2535 696 2578 plebeos
717 2534 942 2577 philosophos
968 2534 1019 2566 vel
1044 2534 1081 2566 in
1109 2534 1197 2566 libro
1222 2534 1263 2566 de
1287 2538 1454 2566 senectute
1475 2535 1617 2566 nimios
1634 2534 1858 2576 philosophos
1876 2534 2000 2576 quibus

345 2590 486 2632 similes,
513 2607 554 2612 —
582 2597 664 2631 pro:
690 2587 857 2629 probabat
881 2588 931 2620 sic
954 2587 1106 2619 —idem
1132 2588 1324 2629 important
1349 2586 1398 2629 (p.
1427 2589 1479 2627 15,
1494 2586 1603 2628 23—24)
1630 2589 1746 2620 codex
1770 2588 1894 2620 habet:
1915 2597 1999 2629 pro-

345 2643 454 2676 habat.
504 2643 561 2674 Sic
584 2642 738 2684 potentia
765 2651 831 2673 non
857 2644 904 2672 est
929 2641 966 2672 in
992 2639 1187 2673 substa-ntia
1214 2641 1250 2672 in
1276 2650 1343 2682 qua
1370 2640 1463 2672 cadit
1483 2641 1639 2682 privatio
1673 2640 1763 2672 idem
1797 2641 1999 2682 important.

345 2697 418 2728 Nos
444 2697 541 2728 solas
567 2696 755 2728 verborum
782 2694 1083 2734 transpositiones
1109 2702 1179 2726 non
1206 2694 1434 2735 significasse
1459 2694 1521 2725 vix
1541 2694 1802 2726 admonendum
1822 2694 1996 2734 putamus.

345 2749 382 2781 E.
409 2758 441 2790 g.
468 2758 500 2789 p.
529 2749 582 2788 49,
598 2764 626 2787 18
651 2748 728 2780 eod.
755 2747 781 2779 Β
806 2747 930 2779 habet:
955 2745 1224 2787 fundamentum
1248 2755 1333 2778 suae
1357 2745 1510 2778 haeresis
1536 2746 1674 2788 accepit,
1700 2747 1726 2778 B
1753 2746 1890 2778 autem:
1915 2745 1998 2786 fun-

347 2802 543 2833 damentum
569 2800 699 2842 accepit
724 2809 808 2831 suae
832 2798 1003 2839 hae›·esis,·
1036 2808 1069 2839 p.
1099 2799 1261 2838 50,13-14
1290 2799 1326 2831 in
1351 2799 1382 2831 A
1407 2799 1552 2840 legitur:
1586 2799 1720 2839 partim
1756 2807 1777 2829 a
1810 2799 1997 2840 superiori,

341 2855 476 2895 partim
503 2853 544 2884 ab
569 2853 744 2893 inferiori,
770 2853 805 2885 in
830 2852 872 2885 B:
895 2852 1031 2893 partim
1059 2851 1098 2883 ab
1123 2851 1290 2892 inferiori
1310 2851 1443 2892 partim
1470 2861 1491 2882 α
1516 2852 1705 2893 superiori.

483 2912 498 2935 2
524 2913 592 2945 Cir.
620 2912 718 2945 Otto
745 2911 957 2950 Staehlin,
984 2909 1294 2942 Editionstechnik.

483 2969 498 2992 3
522 2971 558 3002 E.
585 2980 608 3011 g
645 2979 678 3010 p.
701 2971 718 3002 7
745 2970 780 3002 in
807 2970 983 3010 apparatu
1010 2969 1055 3001 ad
1080 2969 1139 3001 lin.
1160 2969 1197 3007 6;
1225 2969 1340 3008 43,25;
1369 2968 1536 3008 88,12-14;
1563 2969 1616 3008 96,
1630 2975 1740 3008 30-31;
1763 2986 1804 2990 -—-
1825 2969 1995 3008 similiter,

349 3032 441 3063 quae
467 3024 559 3055 intra
584 3022 826 3063 parenthesim
852 3020 892 3060 []
918 3022 1000 3054 sunt
1024 3022 1153 3062 posita,
1180 3021 1271 3053 sicut
1296 3030 1330 3062 p.
1358 3021 1411 3060 28,
1424 3036 1462 3059 31-
