2095 3459
232 447 280 484 A.
296 456 335 484 a.

151 533 211 566 fol.
238 533 282 566 38
290 537 308 556 r
320 534 339 565 b

231 1642 278 1679 B.
293 1652 333 1679 a.

354 173 398 209 32
858 175 879 207 J
881 175 1031 208 ohannis
1057 175 1222 209 Pechami
1249 175 1498 213 Quaestiones.

354 277 461 317 Item
494 276 720 326 quaerItur
751 287 808 316 an
839 277 968 317 aliter
997 278 1207 327 possibile
1247 276 1302 317 sit
1332 277 1438 328 poni
1471 278 1516 317 in
1549 277 1726 317 homIne
1764 277 1875 317 duas
1910 287 2009 317 esse

673 346 842 387 animas
874 348 1114 388 rationales
1145 349 1218 388 vel
1250 348 1337 388 alio
1368 348 1499 388 modo
1533 348 1684 388 dictaS.

926 454 1186 491 ostenditur
1210 455 1333 500 quod
1359 455 1436 491 sic.

499 538 528 573 1.
557 536 658 577 Quia
682 537 803 572 homo
830 546 902 581 per
928 536 1104 572 animam
1127 536 1369 572 rationalem
1394 536 1555 581 ponitur
1580 537 1621 572 in
1653 536 1791 582 specie
1808 539 1820 561 1
1838 538 1851 579 Η
1871 537 1910 572 et
1943 545 2010 582 ge-

355 605 464 632 nere.
516 595 595 632 Sed
622 595 718 631 nihil
744 596 850 640 quod
878 596 940 631 est
967 596 1084 631 extra
1109 605 1250 641 genus,
1276 595 1390 640 ponit
1414 605 1501 631 rem
1526 596 1566 631 in
1592 605 1746 641 genere
1767 595 1833 631 vel
1859 595 2008 640 specie.
2028 596 2043 621 5

354 654 458 700 Ergo
486 665 575 691 cum
600 654 705 696 illud,
733 655 839 699 quod
866 655 1027 691 creatur
1053 654 1103 690 de
1130 654 1264 696 nihilo,
1292 655 1343 690 sit
1369 655 1486 691 extra
1511 664 1652 700 genus,
1679 654 1776 690 nihil
1795 655 1876 690 tale
1897 654 2010 699 ponit

354 714 559 750 hominem
585 713 625 749 in
652 714 802 758 specie.
850 713 953 759 Ergo
992 715 1155 758 praeter
1191 713 1367 750 animam
1403 714 1656 755 rationalem,
1695 723 1799 758 quae
1839 713 2008 754 creatur,

356 774 419 808 est
444 773 532 815 alia,
560 782 664 817 quae
692 782 781 808 cum
808 782 979 817 corpore
1005 774 1235 818 generatur,
1262 773 1364 809 dans
1390 773 1541 809 homini
1568 772 1748 817 speciem
1773 781 1899 808 suam.

494 833 525 867 2.
553 832 652 867 Item
677 831 846 868 materia
871 841 953 868 non
987 832 1216 877 generatur,
1256 832 1329 868 sed
1368 831 1636 876 compositum
1674 841 1727 867 ex
1765 840 1936 877 corpore
1970 832 2009 867 et

357 890 525 927 anima2.
574 890 678 936 Ergo
717 890 820 927 sicut
857 892 920 927 est
957 900 1037 927 una
1071 891 1216 932 anima,
1254 900 1359 935 quae
1398 891 1567 932 creatur,
1605 890 1661 926 ita
1698 890 1772 926 erit
1797 899 1878 926 una
1903 899 2007 935 quae
2030 895 2061 920 10

358 950 585 995 generatur.
1925 940 1927 942 ¹

494 1009 526 1044 3.
551 1007 650 1044 Item
677 1009 830 1044 certum
856 1009 920 1044 est
947 1009 1170 1044 secundum
1190 1008 1332 1044 Philo
1349 1008 1564 1053 sophum
1589 1008 1697 1053 quod
1717 1007 1843 1044 virtus
1863 1007 2008 1044 forma-

357 1067 440 1103 tiva
465 1067 713 1103 descinditur
738 1067 779 1103 in
805 1067 959 1103 semine
971 1070 995 1103 ³.
1044 1067 1128 1103 Nec
1161 1067 1437 1112 corrumpitur.
1485 1067 1589 1113 Ergo
1616 1068 1754 1103 manet
1777 1067 1819 1102 in
1843 1066 2007 1103 homine

357 1126 553 1171 generato
579 1126 752 1162 univoce
780 1126 882 1162 sicut
908 1127 948 1162 et
972 1126 1013 1162 in
1038 1127 1166 1162 bruto.
1215 1126 1262 1162 Et
1286 1126 1342 1162 ita
1368 1127 1441 1162 etc.

495 1186 526 1220 4.
552 1185 650 1220 Item
669 1184 799 1221 forma
819 1185 992 1230 simplex
1019 1186 1059 1221 et
1084 1186 1161 1222 hoc
1186 1185 1336 1230 aliquid
1360 1188 1489 1228 <non>
1517 1186 1756 1230 dependens
1782 1185 1833 1221 ab
1860 1184 1937 1226 illo,
1966 1184 2007 1220 in
2028 1189 2059 1214 15

358 1253 436 1288 quo
465 1244 537 1285 est,
563 1245 699 1288 potest
724 1244 976 1289 multiplicari
993 1244 1034 1280 in
1055 1245 1211 1287 eodem,
1239 1244 1342 1280 sicut
1363 1244 1540 1289 exempli
1558 1244 1687 1290 gratia
1709 1243 2005 1283 manifestabat,

358 1302 451 1347 quia
477 1302 555 1339 duo
581 1303 683 1339 radii
708 1305 879 1348 possunt
900 1313 994 1339 esse
1015 1303 1056 1339 in
1077 1304 1222 1340 eadem
1241 1304 1356 1348 parte
1377 1303 1509 1340 medii.
1546 1303 1627 1340 Sed
1646 1303 1781 1339 anima
1799 1301 2007 1338 rationalis

358 1362 421 1397 est
445 1362 522 1398 hoc
548 1362 696 1407 aliquid
724 1363 764 1398 et
789 1372 869 1398 non
896 1363 1146 1407 dependens.
1194 1362 1298 1408 Ergo
1326 1363 1400 1398 etc.
1448 1362 1500 1398 Ut
1525 1362 1728 1407 probatur,
1755 1361 1849 1406 quia
1874 1360 2008 1397 anima

356 1420 564 1456 rationalis
591 1430 673 1456 non
699 1421 906 1466 dependet
930 1431 955 1458 a
974 1431 1156 1466 corpore,
1183 1431 1261 1458 nec
1279 1421 1437 1458 ratione
1456 1421 1624 1463 formae,
1651 1421 1745 1465 quia
1763 1420 1893 1456 forma
1913 1421 2008 1456 nata

358 1480 421 1515 est
447 1479 670 1515 subsistere
696 1479 736 1515 in
763 1481 926 1525 propria
952 1480 1131 1522 materia,
1169 1490 1247 1516 nec
1271 1480 1430 1517 ratione
1457 1480 1664 1521 materiae,
1702 1479 1796 1524 quia
1833 1479 1899 1515 illa
1924 1488 2006 1514 non
2026 1482 2059 1508 20

356 1538 420 1573 est
445 1538 540 1574 nata
564 1537 739 1574 formare
766 1548 948 1584 corpora.
996 1539 1100 1585 Ergo
1127 1549 1204 1576 nec
1229 1540 1387 1576 ratione
1414 1540 1632 1584 utriusque.

1095 1645 1273 1682 Contra.

494 1728 524 1762 1.
560 1726 698 1763 Omnis
733 1727 863 1764 forma
897 1728 1031 1764 unitur
1056 1728 1251 1764 materiae
1278 1737 1378 1764 suae
1404 1727 1635 1763 Immediate
1647 1730 1671 1762 4.
1721 1726 1866 1763 Anima
1890 1726 2008 1762 ratio-

356 1784 458 1820 nalis
486 1786 548 1821 est
571 1785 711 1821 forma.
748 1785 851 1832 Ergo
878 1787 1012 1823 unitur
1038 1787 1075 1823 ei
1101 1787 1344 1824 immediate.
1383 1786 1487 1832 Ergo
1508 1787 1617 1822 nulla
1637 1786 1772 1822 anima
1790 1785 2007 1821 mediante.

493 1845 524 1880 2.
553 1843 651 1880 Item
677 1845 712 1880 si
736 1845 776 1881 in
802 1845 965 1881 homine
993 1847 1105 1882 esset
1129 1846 1348 1882 formarum
1374 1845 1601 1888 diversitas,
1639 1846 1739 1881 tune
1769 1845 1890 1880 homo
1925 1854 2007 1880 non
2027 1846 2060 1871 2⁵

356 1903 469 1938 esset
493 1912 590 1939 vere
616 1913 738 1939 unum
749 1907 774 1940 ⁵.

1054 2011 1320 2056 Responsio.

494 2091 716 2128 Dicendum
743 2093 850 2130 circa
875 2094 1175 2139 corruptionem
1202 2095 1242 2130 et
1266 2094 1534 2130 rebellionem
1559 2093 1600 2129 in
1626 2093 1808 2138 appetitu
1838 2092 2006 2128 rationis

357 2151 398 2186 et
423 2151 698 2187 sensualitatis
725 2153 829 2188 duae
856 2153 950 2188 sunt
974 2152 1201 2197 positiones
1229 2154 1438 2189 extremae
1460 2161 1672 2193 erroneae,
1700 2152 1740 2188 et
1757 2151 1877 2187 tertia
1896 2151 2008 2187 iuxta

356 2218 476 2254 quam
500 2209 604 2245 fides
632 2210 831 2247 catholica
856 2211 1082 2247 confitetur.
2026 2217 2060 2242 30

493 2268 563 2304 Est
589 2269 696 2305 enim
720 2270 905 2306 haeresis
931 2270 1124 2306 Juliani
1151 2271 1190 2307 et
1224 2270 1394 2307 aliorum
1426 2270 1704 2312 consimilium,
1743 2270 1850 2315 quod
1887 2279 2008 2314 appe-

356 2326 461 2367 titus,
489 2327 556 2371 qui
582 2328 644 2363 est
668 2327 709 2363 in
729 2328 892 2364 homine
911 2329 1060 2365 rationi
1080 2329 1317 2371 contrarius,
1344 2330 1408 2365 est
1426 2330 1576 2365 bonum
1600 2329 1769 2365 naturae
1789 2328 2007 2369 institutae,

356 2386 398 2422 ut
422 2386 461 2421 in
490 2386 576 2422 eius
602 2386 798 2432 regimine
824 2387 926 2423 ratio
949 2389 1201 2424 exerceatur.
1240 2387 1312 2424 Cui
1333 2388 1462 2424 simile
1482 2388 1653 2429 videtur,
1679 2388 1786 2432 quod
1806 2387 1847 2423 in
1867 2386 2009 2423 maiori

356 2445 505 2480 mundo
531 2446 711 2489 apparet,
737 2446 805 2481 ubi
831 2447 894 2482 est
920 2447 1188 2483 contrarietas
1214 2448 1406 2488 motuum,
1433 2446 1527 2491 quia
1553 2447 1712 2491 septem
1733 2446 1853 2482 orbes
1872 2446 2008 2490 plane-

355 2504 485 2538 tarum
510 2505 724 2540 moventur
750 2505 891 2540 contra
928 2506 1079 2541 motum
1117 2506 1289 2541 octavae
1329 2505 1516 2550 spherae.
1566 2505 1624 2541 Ita
1660 2506 1792 2540 motus
1830 2504 2007 2549 quinque
2028 2511 2061 2536 35

357 2570 551 2597 sensuum
576 2563 875 2607 particularium
902 2564 941 2599 et
968 2564 1090 2600 etiam
1116 2573 1262 2600 sensus
1289 2564 1492 2600 interioris
1531 2564 1570 2599 et
1605 2563 1906 2599 desiderativae
1933 2563 2009 2598 vir-

355 2620 449 2656 tutis
478 2622 541 2657 est
565 2622 790 2672 contrarius
817 2622 941 2658 motui
965 2622 1145 2659 rationis.

493 2720 512 2752 8
540 2719 645 2760 quae]
668 2720 705 2757 ἢ-
730 2729 823 2761 quae
919 2721 960 2753 16
986 2721 1143 2761 exempli
1163 2720 1291 2762 gratia]
1312 2730 1359 2753 ex
1380 2721 1496 2762 gratia
1592 2721 1632 2753 19
1659 2719 1810 2759 ratione]
1830 2720 2009 2761 positione

355 2772 398 2804 20
425 2772 491 2811 est]
518 2774 553 2805 et

494 2872 504 2894 ¹
531 2873 620 2906 Vide
645 2883 679 2914 p.
707 2875 760 2913 29,
786 2875 907 2907 notam
933 2875 963 2906 3.

492 2924 507 2947 2
531 2926 697 2966 Arist,
723 2927 884 2968 Metaph.
911 2927 967 2966 VI,
993 2927 1012 2959 9
1041 2923 1126 2969 (VII,
1153 2928 1240 2960 text.
1269 2925 1342 2967 32);
1368 2927 1423 2966 XI,
1451 2927 1469 2959 3
1496 2926 1580 2966 (XII,
1607 2928 1694 2959 text.
1723 2925 1789 2965 12).

492 2978 506 3000 3
534 2979 585 3012 De
613 2980 697 3013 Gen.
724 2980 886 3013 Animal.
912 2980 951 3019 II,
977 2981 1008 3013 3.
1541 3011 1543 3013 .

491 3031 506 3053 4
531 3032 600 3065 Cir.
627 3033 775 3074 Aegid.
803 3034 852 3066 de
877 3033 1075 3066 Lessinis
1104 3034 1178 3066 111.
1320 3032 1334 3054 ⁵
1360 3033 1428 3066 Cir.
1455 3033 1590 3066 ibidem
1618 3034 1671 3066 53.
