2095 3459
75 624 105 656 A
128 623 190 656 fol.
212 624 254 656 21
265 627 281 645 Γ
292 631 316 655 a

61 737 87 769 B
108 737 318 770 rol.167ra

262 905 310 941 A.

333 190 379 225 38
847 190 866 222 ι]
872 190 1024 222 ohannis
1051 190 1218 222 Pechami
1245 190 1495 227 Quaestiones.

474 288 536 324 Ad
555 288 782 324 secundum
803 286 1068 329 <dicendum>
1088 287 1195 331 quod
1216 287 1320 323 haec
1340 287 1474 323 unitas
1501 285 1649 322 sufficit
1675 288 1898 327 creaturae,
1926 296 2005 332 qua

334 347 485 392 aliquid
512 346 770 392 componitur
797 355 851 382 ex
877 345 1052 382 diversis
1090 344 1307 391 principiis.
1358 345 1515 381 Nullum
1553 347 1689 381 autem
1727 347 1905 382 creatum
1942 347 2005 382 est

334 415 433 443 vere
460 407 500 443 et
525 406 709 451 perfecte
728 415 871 447 unum,
898 405 1003 442 sicut
1028 406 1140 450 patet
1167 414 1221 441 ex
1247 405 1520 451 Augustino
1547 405 1587 441 in
1613 404 1792 450 pluribus
1819 405 1919 441 locis
1932 407 1954 440 1.

949 608 1258 670 Quaestio
1296 608 1394 660 IV.

339 731 579 778 Quaeritur
610 742 691 781 per
724 731 976 781 oppositum
1007 732 1156 770 utrum
1189 741 1304 770 unus
1337 733 1403 769 est
1435 730 1686 770 intellectus
1726 730 1771 769 in
1804 729 2006 769 omnibus

1026 801 1278 841 hominibus
1291 796 1320 841 ².

882 897 935 933 Et
961 897 1214 934 ostendItur
1240 897 1362 941 quod
1390 897 1467 932 sic.

479 988 543 1032 (1.)
571 989 600 1022 1.
622 987 943 1032 Augustinus,
971 988 1002 1022 2.
1029 987 1087 1022 De
1108 986 1253 1022 Libero
1273 986 1459 1022 Arbitrio
1474 988 1509 1021 3.·
1536 984 1689 1028 „Credo
1712 985 1833 1021 etiam
1858 987 1899 1021 te
1926 995 2006 1021 non

339 1048 581 1093 negaturum
603 1046 848 1082 studendum
870 1055 966 1081 esse
994 1045 1223 1090 sapientiae
1244 1046 1366 1090 atque
1389 1046 1466 1081 hoc
1485 1054 1628 1080 verum
1649 1054 1744 1080 esse
1767 1044 2007 1085 concedere,

341 1106 523 1142 similiter
558 1105 835 1150 incorruptum
872 1105 1016 1140 melius
1053 1114 1149 1141 esse
1188 1105 1389 1149 corrupto,
1427 1104 1639 1140 aeternum
1674 1102 1888 1148 temporali
1925 1113 2008 1139 non

339 1165 492 1210 poteris
520 1173 686 1210 negare.
737 1163 824 1200 Hoc
852 1173 950 1209 ergo
978 1173 1119 1199 verum
1145 1164 1282 1208 potest
1308 1163 1479 1208 quisque
1507 1163 1712 1208 proprium
1739 1163 1887 1203 dicere,
1919 1172 2009 1198 cum

338 1222 723 1259 incommutabiliter
758 1222 860 1258 assit
896 1223 1095 1264 omnibus,
1131 1223 1198 1268 qui
1233 1223 1311 1259 hoc
1347 1222 1615 1267 contemplari
1650 1222 1813 1258 vellent.
1871 1221 2008 1257 Nullus

338 1283 416 1318 hoc
442 1291 540 1318 vere
568 1282 669 1318 dixit
696 1292 810 1317 suum
841 1291 936 1318 esse
963 1282 1179 1326 proprium.
1231 1281 1330 1318 Cum
1355 1282 1444 1317 tam·
1465 1281 1515 1317 sit
1535 1291 1657 1317 unum
1679 1282 1801 1326 atque
1822 1280 2009 1317 omnibus

338 1351 555 1378 commune
592 1350 711 1386 quam
752 1350 893 1376 verum
934 1343 1029 1377 est.“
1081 1341 1193 1377 Haec
1228 1340 1543 1387 Augustinus.
1605 1340 1767 1376 Certum
1803 1341 1867 1376 est
1901 1339 2008 1384 quod

337 1400 514 1445 loquitur
540 1400 592 1435 de
619 1400 774 1436 unitate
802 1400 918 1436 istius
945 1400 1128 1436 veritatis
1156 1399 1430 1436 numerabilis.
1481 1399 1523 1450 Si
1558 1399 1786 1447 ergoistae
1813 1398 2007 1435 veritates

339 1469 412 1504 per
439 1469 485 1495 se
512 1460 636 1495 notae
664 1461 758 1495 sunt
784 1459 823 1494 in
852 1459 970 1495 nobis
998 1469 1080 1495 non
1108 1460 1357 1509 numeratae,
1397 1450 1623 1504 ergosunt
1647 1459 1688 1494 in
1714 1457 1899 1495 subiecto
1927 1468 2008 1494 non

340 1519 564 1568 numerato.
615 1517 694 1554 Sed
723 1520 816 1554 sunt
842 1519 882 1554 in
909 1518 1107 1554 memoria
1132 1518 1405 1554 intellectuali.
1443 1517 1547 1564 Ergo
1572 1516 1800 1554 Intellectus
1824 1518 1886 1553 est
1905 1526 2008 1553 unus

339 1578 379 1614 in
401 1577 588 1614 omnibus
610 1587 693 1614 non
714 1579 962 1614 numeratus.
988 1577 1035 1613 Et
1055 1578 1278 1614 secundum
1301 1578 1378 1613 hoc
1398 1576 1601 1613 verificari
1619 1576 1822 1613 videbitur
1841 1577 2007 1612 ver-bum

340 1636 783 1673 Commentatoris4
810 1637 982 1673 dicentis
1011 1638 1118 1682 quod
1146 1646 1322 1673 necesse
1350 1638 1422 1677 est,
1459 1638 1500 1672 ut
1532 1636 1762 1672 intellectus
1789 1634 2009 1672 materialis

2029 1115 2061 1141 10

2030 1410 2062 1435 15

339 1706 423 1732 non
462 1696 513 1731 sit
548 1696 779 1732 denudatus
815 1706 840 1732 a
878 1696 1084 1741 principiis
1118 1696 1368 1732 naturalibus
1402 1696 1682 1732 communibus
1708 1694 1783 1731 toti
1808 1696 2010 1731 humanae
2029 1704 2063 1731 ‘zo

341 1755 506 1800 speciei,
535 1755 691 1791 scincet
711 1755 849 1800 primis
878 1755 1237 1800 propositionibus.
1274 1755 1385 1792 Haec
1410 1756 1517 1791 enim
1541 1755 1748 1791 intellecta
1775 1755 1867 1790 sunt
1892 1754 2012 1790 unica

341 1814 567 1850 secundum
593 1814 799 1859 recipiens
829 1816 868 1850 et
894 1815 1018 1851 multa
1044 1816 1269 1851 secundum
1296 1815 1563 1851 intentionem
1592 1814 1811 1859 receptam.
1863 1813 2012 1850 Secun-

341 1874 436 1910 dum
461 1873 581 1919 igitur
608 1874 783 1914 modum,
812 1875 1037 1910 secundum
1064 1884 1183 1919 quem
1211 1876 1305 1910 sunt
1331 1874 1458 1916 unica,
1487 1875 1580 1910 sunt
1600 1874 1780 1910 aeterna.

481 1933 512 1968 2.
539 1932 638 1968 Item
664 1932 989 1979 Augustinus,
1018 1933 1075 1969 De
1102 1933 1342 1976 Quantitate
1370 1933 1594 1969 Animae-5:
1623 1932 1704 1976 „De
1730 1941 1900 1968 numero
1929 1931 2012 1967 ani-

341 2001 497 2028 marum
524 1992 678 2033 nescio,
707 1992 800 2036 quid
828 1992 899 2028 tibi
924 1993 1211 2037 respondeam.
1263 1992 1303 2028 Si
1330 1992 1438 2028 enim
1465 1992 1607 2028 dixero
1635 2001 1757 2028 unam
1784 2000 1891 2032 esse,
1919 2000 2012 2027 con-
2031 2004 2064 2030 25

343 2051 585 2093 turbaberis,
613 2052 708 2096 quia
733 2052 773 2087 in
800 2062 882 2088 uno
909 2053 1031 2088 beata
1058 2053 1131 2094 est,
1158 2052 1199 2088 in
1224 2052 1353 2088 altero
1380 2052 1540 2092 misera,
1576 2060 1653 2087 nec
1687 2060 1768 2086 una
1800 2059 1868 2086 res
1896 2050 2012 2085 simul

344 2111 467 2146 beata
494 2111 534 2146 et
560 2110 712 2146 misera
737 2112 875 2156 potest
902 2121 1009 2147 esse.
1061 2111 1101 2147 Si
1127 2121 1249 2147 unam
1277 2111 1393 2146 simul
1421 2112 1461 2147 et
1486 2110 1631 2146 multas
1660 2110 1801 2151 dicam,
1839 2108 2011 2151 ridebis;

345 2179 423 2206 nec
448 2169 566 2206 facile
594 2170 728 2212 video,
755 2170 862 2206 unde
890 2170 1015 2206 risum
1041 2171 1153 2206 tuum
1180 2180 1450 2215 compescam.
1502 2168 1542 2206 Si
1569 2169 1713 2205 multas
1740 2169 1896 2204 tantum
1917 2177 2012 2204 esse

486 2276 504 2307 5
537 2274 569 2306 A
595 2275 615 2307 i.
644 2284 673 2307 e.
701 2275 777 2307 cod.
805 2275 893 2306 Bibl.
921 2275 999 2307 Nat.
1026 2283 1129 2307 conv.
1156 2283 1260 2315 sopp.
1287 2275 1318 2307 J.
1344 2275 1366 2313 Ι,
1395 2275 1437 2312 3;
1466 2273 1496 2305 Β
1521 2274 1542 2306 i.
1570 2282 1600 2306 e.
1628 2274 1704 2305 cod.
1732 2273 1897 2305 Laurent.
1923 2272 2011 2304 Plut.

347 2328 387 2360 17
415 2328 479 2360 sin.
508 2328 527 2360 8
601 2329 620 2360 8
649 2327 768 2366 etiam'l
795 2328 826 2360 Β
852 2337 923 2360 om.
998 2329 1016 2360 9
1044 2337 1127 2360 esse
1154 2327 1369 2368 sapientiae!
1403 2327 1434 2358 Β
1459 2328 1514 2359 est
1588 2327 1627 2359 11
1656 2325 1851 2367 proprium!
1886 2324 1916 2357 Β
1942 2334 2012 2357 om.

347 2381 388 2413 13
415 2389 518 2413 suum
546 2380 642 2419 esse!
668 2381 697 2413 A
725 2381 783 2413 vel
810 2390 918 2413 unum
991 2381 1075 2420 tam]
1116 2380 1145 2412 A
1172 2382 1292 2414 tamen
1391 2382 1431 2413 15
1458 2379 1703 2418 numerabilis]
1741 2379 1772 2411 Β
1797 2378 2013 2411 universaHs

346 2434 531 2473 veritates]
559 2434 590 2465 Β
609 2435 761 2467 virtutes
837 2435 877 2466 16
905 2434 999 2473 sunt}
1020 2434 1045 2467 A
1071 2443 1142 2467 om.
1203 2434 1286 2473 non}
1307 2434 1335 2466 A
1358 2443 1427 2467 om.
1502 2433 1544 2466 20
1571 2431 1784 2471 denudatus]
1811 2433 1841 2465 B
1860 2432 2013 2464 nudatus

346 2487 605 2526 communibus]
619 2488 650 2520 B
664 2488 963 2520 convenientibus
1024 2487 1159 2520 22—23
1181 2487 1389 2525 secundum}
1407 2487 1434 2518 A
1451 2487 1518 2519 sibi
1580 2487 1622 2519 28
1637 2485 1786 2524 tantum]
1801 2486 1831 2518 Β
1850 2485 1885 2523 »Ι-
1904 2485 2015 2517 multa

487 2580 499 2603 ¹
525 2582 566 2615 V.
587 2591 638 2623 gr.
661 2583 705 2615 ad
726 2589 889 2614 sensum:
917 2582 968 2614 De
991 2582 1087 2614 Trin.
1110 2582 1165 2620 VI,
1181 2582 1217 2619 6;
1244 2581 1295 2614 De
1320 2582 1410 2614 Vera
1430 2582 1504 2614 Rel.
1527 2591 1556 2614 c.
1578 2582 1637 2613 34:
1663 2581 1716 2613 De
1728 2581 1803 2612 Lib.
1818 2579 1903 2612 Arb.
1925 2579 1962 2618 11,
1983 2581 2012 2611 8.

486 2634 500 2656 2
526 2635 595 2668 Cir.
618 2635 800 2676 Sigerus
826 2636 876 2667 de
902 2635 1167 2673 Brabantia‚
1198 2635 1441 2674 Quaestiones
1464 2635 1507 2667 de
1526 2634 1664 2667 Anima
1683 2633 1920 2670 Intellectiva,
1943 2632 2012 2664 VII.

349 2688 495 2727 „Utrum
522 2689 641 2721 anima
666 2689 887 2721 intellectiva
913 2688 1167 2728 multiplicetur
1201 2688 1496 2728 multiplicatione
1531 2696 1721 2728 corporum
1756 2684 2012 2718 humanorum“

348 2741 418 2781 [ed.
446 2741 725 2777 Mandonnet,
753 2742 790 2780 ΙΙ,
821 2742 886 2774 164
909 2740 1038 2781 seqq.).
1089 2741 1300 2773 Albertus
1328 2741 1528 2782 Magnus,
1555 2741 1607 2773 De
1635 2741 1778 2773 Unitate
1804 2739 2015 2772 Intellectus

349 2796 481 2827 eontra
507 2794 755 2833 Averroiscas,
795 2795 849 2827 ed.
888 2795 1100 2835 Borgnet,
1133 2795 1187 2832 IX,
1215 2794 1280 2826 437
1307 2801 1430 2834 seqq.;
1468 2795 1668 2832 Thomas,
1709 2794 1758 2826 De
1787 2793 1930 2825 Unitate
1955 2792 2013 2824 In·

349 2848 512 2881 collectus
538 2849 670 2881 eontra
696 2848 944 2887 Averroistas,
972 2846 1162 2888 (opuscul.
1192 2847 1262 2880 XV.
1290 2848 1344 2879 ed.
1372 2848 1538 2884 Frette,
1565 2847 1711 2879 Parisiis
1740 2844 1859 2884 1889);
1892 2845 1926 2878 S.
1937 2854 1963 2877 c.
1975 2845 2012 2877 G.

350 2901 386 2939 II,
415 2901 457 2933 73
485 2909 588 2941 seqq.
611 2903 646 2933 et
667 2902 768 2933 alibi.
808 2901 1146 2939 Montefortino‚
1174 2901 1225 2939 ΙΙΙ,
1249 2901 1314 2933 496
1341 2907 1461 2941 seqq.;
1492 2901 1539 2932 De
1562 2900 1762 2932 Humanae
1784 2898 2015 2939 Coynitionis

350 2954 508 2986 Ratione
533 2953 555 2993 ἓ
584 2955 602 2986 2
629 2953 699 2992 (Ad
726 2954 850 2987 Claras
876 2954 1013 2994 Aquas,
1046 2954 1143 2991 1883,
1172 2963 1204 2993 p.
1226 2953 1270 2992 9).
1412 2952 1426 2975 3
1451 2953 1488 2992 ΙΙ,
1516 2953 1535 2986 9
1562 2952 1632 2991 (PL
1657 2953 1710 2991 32,
1739 2952 1826 2984 1256
1853 2960 1884 2984 n.
1914 2951 1966 2983 28.

487 3006 501 3028 4
527 3007 578 3040 De
603 3007 743 3040 Anima
768 3007 820 3045 111,
844 3008 862 3039 4
889 3006 935 3046 (1,
963 3007 1050 3039 text.
1067 3003 1103 3048 5)
1123 3005 1197 3045 (fol.
1217 3006 1280 3038 140
1292 3006 1337 3045 Ἰ);
1363 3006 1452 3038 Alb.
1475 3006 1621 3047 Magn„
1649 3006 1700 3038 De
1722 3005 1788 3038 XV
1803 3004 2013 3037 Problema-

351 3061 449 3093 lc'bus
469 3060 481 3092 l
502 3059 783 3099 (Mandonnet
810 3060 846 3095 II,
876 3060 944 3099 30).
1087 3059 1101 3081 ἵ)
1127 3068 1155 3091 c.
1185 3059 1225 3090 32
1253 3058 1323 3098 (PL
1350 3059 1401 3097 32,
1432 3059 1518 3091 1075
1546 3068 1577 3090 n.
1607 3058 1674 3097 09).
