2095 3459
803 209 976 246 Quaestio
1004 211 1044 243 V.
1723 202 1767 247 63

79 300 185 352 Ergo
214 306 398 343 similiter
425 307 504 343 ista
530 307 741 348 adhaesio
770 317 875 352 quae
896 308 1091 344 convenit
1115 308 1153 344 in
1177 310 1470 355 cognoscendo
1491 310 1614 347 multo
1637 311 1766 357 magis

78 375 162 402 non
188 366 358 411 requirit
385 366 537 411 aliquid
564 376 686 402 unum
726 367 766 402 in
807 376 853 403 se
893 369 933 403 et
971 367 1060 403 aliis
1101 368 1178 404 nisi
1215 368 1406 425 effective
1443 370 1609 406 tantum.
1660 369 1765 416 Ergo

81 424 234 461 nullum
263 427 326 461 est
354 435 478 462 unum
504 426 642 462 lumen
669 426 852 467 tormale
881 436 1003 462 unum
1031 427 1071 462 in
1100 428 1245 463 multis.

221 485 254 520 2
280 484 380 521 Item
407 485 447 520 in
475 485 641 521 homine
670 487 734 521 est
760 486 1001 526 substantia
1029 486 1156 522 virtus
1185 488 1226 523 et
1246 488 1468 532 operatiol.
1508 488 1554 524 Et
1575 489 1765 525 nobilitas

44 547 60 570 ⁵
81 543 334 588 operationis
363 545 426 579 est
453 554 477 580 a
504 544 716 581 nobilitate
745 544 903 580 virtutis
933 546 972 580 et
999 546 1267 583 substantiae.
1319 546 1401 583 Sed
1435 557 1540 584 unus
1577 549 1698 584 homo
1726 549 1765 584 in

80 603 276 647 quantum
305 606 368 639 est
395 604 636 642 substantia.
677 604 773 639 nihil
813 604 938 640 habet
965 613 1089 640 unum
1128 615 1298 643 numero
1340 608 1380 643 et
1419 617 1635 644 commune
1676 618 1766 644 cum

79 661 160 698 alio
187 662 366 699 homine.
416 662 522 709 Ergo
550 673 628 699 nec
656 663 884 699 secundum
913 664 1198 708 operationem
1226 665 1377 710 aliquid
1401 666 1477 703 erit
1497 667 1679 712 pluribus
1701 668 1765 704 vel

80 721 268 758 omnibus
296 722 528 758 hominibus
557 731 785 758 commune.

835 805 1016 842 Contra.
1794 814 1840 850 B.
1867 823 1908 851 a.

29 879 60 903 10
222 872 252 906 1.
292 870 391 906 Item
419 871 527 916 quod
556 880 638 907 non
667 871 719 906 sit
744 870 896 916 aliquid
931 880 1056 907 unum
1096 873 1278 908 creatum
1317 883 1499 915 numero,
1538 876 1652 921 patet
1689 875 1766 911 illis

78 929 319 972 rationibus,
336 930 482 975 quibus
499 940 624 975 supra
642 931 859 976 probatum
875 931 938 967 est
959 940 1041 967 non
1065 940 1160 967 esse
1183 941 1305 968 unum
1326 932 1578 970 intellectum
1595 944 1766 971 numero

78 989 120 1025 in
147 989 336 1025 omnibus
348 991 372 1025 2.

219 1049 252 1084 2.
290 1048 391 1085 Item
428 1049 642 1085 sensibilia
677 1059 724 1085 se
751 1050 905 1085 habent
931 1050 984 1086 ad
1011 1059 1181 1086 sensum
1208 1051 1313 1087 sicut
1338 1051 1607 1099 intelligibilia
1634 1054 1685 1089 ad
1711 1053 1768 1090 in-

79 1108 288 1145 tellectum
299 1111 323 1144 3.
375 1108 457 1145 Sed
483 1109 635 1154 aliquid
664 1110 728 1145 est
755 1109 952 1147 sensibile
979 1110 1089 1154 quod
1117 1110 1289 1149 sentitur
1313 1111 1480 1156 proprio
1503 1112 1655 1149 lumine
1677 1113 1767 1149 sine

27 1176 59 1202 15
78 1167 232 1204 lumine
271 1167 407 1209 solari,
447 1168 551 1204 sicut
590 1168 657 1205 illa
696 1177 802 1213 quae
829 1168 969 1204 lucent
994 1168 1035 1204 in
1062 1169 1255 1205 tenebris.
1305 1169 1411 1216 Ergo
1439 1170 1624 1207 similiter
1650 1173 1769 1208 erunt

79 1227 216 1272 aliqua
241 1227 522 1273 intelligibilia,
550 1237 657 1273 quae
684 1227 851 1272 proprio
880 1237 954 1263 suo
982 1228 1134 1264 lumine
1171 1228 1451 1275 intelliguntur
1487 1231 1576 1267 sine
1615 1231 1767 1267 lumine

78 1286 119 1322 in
147 1286 363 1323 communi.

834 1333 1014 1370 Contra.
1792 1342 1839 1379 B.
1862 1342 1904 1379 b.

220 1399 321 1436 Item
348 1399 457 1445 quod
485 1409 568 1436 non
596 1399 860 1445 cognoscitur
887 1399 926 1434 in
954 1399 1105 1435 lumine
1132 1400 1316 1436 increato
1345 1402 1575 1438 ostenditur
1601 1402 1671 1438 sic.

27 1473 61 1499 ρο
221 1461 252 1494 1.
281 1458 385 1499 Quia
411 1459 507 1495 dicit
533 1458 857 1505 Augustinus,
884 1458 944 1494 De
969 1458 1173 1495 Trinicate
1193 1459 1271 1501 XII,
1293 1469 1380 1505 cap.
1401 1460 1515 1496 XIV4
1537 1461 1588 1497 de
1614 1463 1766 1508 regulis

80 1518 283 1555 aeternis:
312 1518 398 1562 „Ad
424 1528 526 1563 quas
553 1519 772 1564 pervenire
799 1527 1022 1563 paucorum
1051 1519 1148 1554 est“.
1201 1518 1281 1555 Sed
1304 1520 1525 1564 pervenire
1545 1520 1598 1557 ad
1616 1521 1766 1562 lumen,

81 1578 191 1623 quod
218 1580 282 1614 est
307 1578 411 1614 ratio
438 1578 695 1624 intelligendi
722 1577 902 1614 omnium
928 1577 1251 1623 intelligibilium,
1282 1580 1370 1620 <est
1397 1579 1612 1622 omnium.)
1660 1580 1766 1627 Ergo

79 1637 249 1683 regulae
277 1639 475 1674 aeternae
504 1639 544 1674 et
570 1637 927 1674 incommutabiles
954 1647 1038 1673 non
1066 1638 1160 1673 sunt
1185 1637 1323 1674 lumen
1349 1638 1614 1685 intelligendi.

220 1697 380 1739 2110111
400 1696 672 1741 Dionysius
698 1696 741 1733 in
767 1696 967 1742 principio
993 1696 1219 1741 Anyelieae
1244 1697 1566 1735 Hterarchiaefiv:
1595 1699 1767 1745 „Impos—

28 1767 62 1793 25
82 1755 200 1792 sibile
230 1757 294 1792 est
320 1756 439 1792 nobis
467 1756 585 1792 aliter
619 1755 970 1802 supersplendere
1008 1756 1307 1793 hierarchicum
1345 1757 1503 1793 radium
1540 1758 1621 1794 nisi
1659 1759 1768 1801 vela—

82 1815 260 1851 minibus
289 1816 658 1852 circumvelatum.“
686 1815 792 1861 Ergo
819 1815 957 1851 radius
984 1815 1148 1851 luminis
1176 1815 1302 1851 divini
1330 1826 1412 1852 non
1433 1816 1669 1863 intelligitur
1688 1817 1767 1853 nisi

80 1884 155 1920 per
180 1883 249 1910 res
278 1875 508 1921 singulares
536 1875 602 1911 vel
630 1875 861 1911 sensibiles.
911 1874 1016 1920 Ergo
1044 1884 1127 1910 non
1162 1876 1342 1917 econtra,
1382 1876 1476 1920 quia
1509 1876 1621 1921 prius
1653 1876 1767 1913 intel-

80 1934 227 1980 ligitur
256 1935 364 1980 quod
393 1936 457 1970 est
482 1934 586 1970 ratio
614 1934 869 1980 intelligendi
896 1934 1080 1970 alterum.

221 1994 253 2029 3.
280 1993 380 2029 Item
394 1993 490 2029 Ans
504 1994 671 2035 elmus
689 1994 872 2037 Prosloy.
895 2002 980 2038 cap.
1002 1992 1135 2029 XIVG:
1158 1992 1435 2037 „Tenebratur
1454 1995 1597 2031 oculus
1617 1995 1766 2031 mentis

29 2064 63 2090 30
80 2052 317 2090 infirmitate
345 2062 429 2094 sua,
467 2054 709 2089 obscuratur
737 2062 812 2089 sua
837 2052 1041 2088 brevitate
1069 2053 1109 2088 et
1135 2052 1317 2088 obruitur
1342 2054 1430 2089 tota
1455 2044 1764 2090 immensitate&

81 2111 187 2158 Ergo
200 2112 272 2148 lux
286 2111 424 2148 divina
439 2114 502 2150 est
516 2112 932 2166 improporti0nabiliS
947 2112 1153 2148 mentibus
1167 2113 1367 2149 humanis.
1384 2113 1466 2150 Sed
1476 2114 1547 2150 lux
1558 2123 1634 2159 per
1645 2123 1766 2158 quam

81 2162 268 2207 videmus
289 2161 352 2207 est
372 2164 746 2216 proportionabilis,
769 2171 887 2207 aliter
907 2164 990 2207 11οη
1010 2171 1052 2207 in
1074 2181 1124 2208 ea
1137 2172 1280 2208 videre
1302 2182 1533 2217 possemus.
1559 2172 1665 2218 Ergo
1690 2174 1754 2209 etc

221 2232 254 2266 4.
280 2230 381 2267 Item
406 2231 458 2267 ad
484 2231 562 2267 hoc
590 2232 653 2267 est
672 2231 844 2267 verbum
870 2230 1185 2275 Philosophi⁷
1212 2231 1384 2268 dicentis
1405 2231 1514 2276 quod
1533 2232 1766 2268 intellectus

83 2291 226 2327 noster
245 2290 298 2326 ad
316 2290 426 2326 iilam
443 2290 578 2326 lucem
599 2299 645 2326 se
666 2291 791 2326 habet
811 2290 917 2326 sicut
938 2290 1080 2326 oculus
1099 2290 1406 2335 vespertilionis
1427 2291 1480 2326 ad
1501 2291 1634 2327 lucem
1655 2291 1766 2327 solis.

31 2360 64 2386 35
223 2351 256 2385 5.
282 2349 382 2386 Item
401 2349 506 2385 ratio
529 2349 810 2395 cognoscendi
837 2350 901 2385 est
926 2349 1061 2385 notior
1086 2358 1131 2385 re
1167 2349 1331 2395 cognita
1341 2351 1365 2391 8,
1394 2349 1500 2385 sicut
1525 2350 1765 2395 principium

85 2407 398 2444 deiudicationis
427 2409 491 2444 est
515 2408 652 2444 notius
680 2408 927 2454 cognitione.
970 2407 1076 2454 Ergo
1096 2408 1131 2443 si
1145 2408 1256 2444 Deus
1278 2409 1341 2444 est
1360 2408 1464 2444 ratio
1486 2409 1767 2454 cognoscendi

84 2466 382 2508 intellectualis,
422 2466 557 2502 notior
589 2468 653 2502 est
686 2476 808 2511 quam
846 2466 998 2511 aliquid
1037 2466 1157 2502 aliud.
1221 2465 1337 2506 Quod
1374 2467 1523 2503 falsum
1562 2468 1633 2509 est,
1673 2467 1767 2512 quia

84 2525 267 2562 nescitur
293 2526 344 2562 de
371 2525 459 2562 Deo
487 2526 582 2571 quid
611 2527 684 2567 est,
724 2526 798 2562 sed
823 2525 955 2571 magis
981 2526 1155 2568 <scitur>
1181 2526 1277 2570 quid
1315 2536 1398 2561 11011
1437 2528 1503 2562 est
1540 2527 1766 2563 secundum

85 2584 376 2630 Dionysium
403 2586 443 2621 et
470 2585 864 2621 Damascenumv.
916 2584 975 2620 De
996 2585 1121 2621 rebus
1141 2585 1279 2621 autem
1299 2585 1620 2630 intelligibilibus
1641 2585 1767 2621 scitur

33 2656 68 2681 40
86 2644 182 2689 quid
209 2645 313 2681 sunt.
363 2643 469 2690 Ergo
498 2645 573 2681 etc.

227 2732 268 2764 11
296 2731 393 2771 esse]
420 2733 476 2764 est
561 2732 603 2764 35
630 2730 761 2769 notior]
787 2730 904 2763 minor
987 2730 1030 2762 36
1057 2727 1192 2770 notius]
1217 2730 1335 2763 minus
1426 2731 1468 2763 37
1495 2730 1626 2770 notior]
1651 2731 1767 2763 minor

227 2814 240 2836 1
267 2815 338 2848 Otr.
363 2815 625 2855 Dionysius,
652 2814 704 2846 De
730 2813 888 2846 Caelesti
913 2812 1143 2845 Hier-archia
1168 2821 1198 2846 c.
1226 2813 1266 2845 11
1294 2812 1366 2852 (PL
1393 2814 1469 2852 122,
1499 2813 1612 2853 1059).

227 2866 242 2889 2
270 2867 307 2905 Q.
323 2867 380 2900 IV.
395 2876 479 2909 pag.
495 2868 538 2900 38
551 2876 668 2908 seqq„
683 2866 900 2908 praesertim
915 2866 957 2898 49
974 2874 1077 2905 seqq.
1197 2864 1213 2887 3
1236 2866 1289 2898 De
1304 2865 1445 2898 Anima
1458 2866 1512 2906 ΙΙΙ,
1528 2866 1547 2898 4
1564 2865 1598 2906 (1
1614 2867 1702 2899 text.
1719 2865 1764 2905 2).

227 2920 242 2942 4
267 2921 337 2960 XII,
355 2921 397 2953 14
417 2919 489 2960 (PL
509 2921 562 2960 43,
580 2920 670 2953 1010
690 2929 723 2953 n.
738 2918 808 2959 23).
928 2918 943 2940 5
969 2927 998 2951 c.
1015 2919 1032 2950 1
1055 2917 1126 2958 (PL
1147 2918 1223 2958 122,
1240 2917 1355 2958 1038).
1475 2917 1489 2940 6
1514 2918 1570 2951 PL
1591 2919 1667 2958 158,
1687 2919 1764 2951 235.

227 2972 241 2995 ⁷
265 2974 441 3015 Metaph„
467 2974 527 3007 lib.
554 2983 588 3013 α,
617 2974 633 3005 1
662 2972 715 3012 (11,
741 2973 831 3006 text.
859 2970 904 3012 1).
1047 2970 1062 2993 8
1087 2971 1157 3004 Cir.
1186 2971 1297 3004 Anat.
1323 2971 1421 3004 Post.
1447 2972 1471 3010 Ι,
1499 2971 1530 3004 2.

227 3025 242 3048 9
267 3027 401 3067 Β1011.,
427 3027 480 3059 De
498 3027 622 3060 Divin.
642 3027 749 3059 Nom.
770 3034 801 3059 c.
823 3026 877 3065 13,
897 3024 918 3064 ἓ
938 3025 957 3057 3
985 3023 1122 3066 (Hugo
1143 3033 1165 3057 a
1184 3024 1238 3057 St.
1260 3024 1458 3064 Victore,
1485 3024 1575 3065 Eoep.
1600 3025 1640 3057 in
1664 3024 1764 3057 Hier.

89 3078 184 3120 Any.
210 3080 253 3112 III
278 3079 348 3119 (PL
375 3080 452 3119 175,
480 3079 593 3119 974));
619 3079 827 3118 Damaso„
853 3079 906 3111 De
931 3078 1019 3110 Fide
1047 3077 1199 3110 orthod.
1225 3077 1248 3117 Ι,
1277 3077 1306 3111 1.
