2095 3459
296 216 340 251 92
805 218 980 251 <Iohannis
1006 218 1175 250 Pechami
1201 218 1451 255 Quaestiones.

434 314 489 349 20.
509 313 608 350 Item
628 323 753 349 sensu
773 314 993 350 deficiente
1014 314 1294 350 necessarium
1315 315 1379 350 est
1397 314 1577 351 deficere
1593 314 1805 351 scientiam
1820 324 1962 350 secun-

298 373 389 408 dum
411 382 578 408 sensum
591 375 614 408 1.
639 372 744 418 Ergo
760 372 794 408 si
807 373 943 408 anima
958 374 1150 417 separata
1164 373 1276 409 caret
1290 381 1427 414 sensu,
1448 373 1545 408 nihil
1558 374 1696 418 potest
1710 382 1961 419 cognoscere

296 431 515 467 intellectu.
566 430 608 466 Si
633 431 745 467 dicas
772 432 880 476 quod
906 431 1093 476 probatio
1114 431 1401 476 Philosophi
1427 431 1663 477 intelligitur
1683 432 1733 468 de
1754 431 1962 467 intellectu

298 489 513 525 coniuncto
541 490 702 534 corpori
728 491 917 534 corrupto
946 491 986 526 et
1012 491 1276 535 aggravante,
1310 491 1472 526 contra:
1498 490 1540 526 In
1568 491 1675 526 statu
1700 490 1961 526 innocentiae

298 557 392 584 caro
428 558 510 584 non
542 550 804 594 aggravabat.
865 548 970 594 Ergo
1000 550 1096 585 tunc
1127 549 1356 585 intellectus
1393 550 1555 594 poterat
1589 549 1629 584 in
1664 559 1836 594 corpore
1873 549 1962 585 sine
1981 555 1998 580 5

298 616 423 643 sensu
458 607 686 653 intelligere
721 607 801 644 ista
835 607 1043 644 exteriora
1074 608 1114 643 in
1149 607 1391 653 particulari.
1443 608 1559 648 Quod
1585 607 1729 644 falsum
1758 609 1830 650 est,
1869 608 1963 653 qula

297 666 392 701 tunc
417 666 567 702 frustra
592 666 805 702 habuisset
831 676 980 702 sensus
994 669 1019 702 2.

436 725 490 760 21.
517 725 616 760 Item
635 725 887 771 intelligibile
909 725 1043 761 unitur
1063 725 1286 761 intellectui
1307 726 1347 761 et
1368 725 1413 761 iit
1441 736 1564 761 unum
1594 736 1684 762 cum
1716 726 1817 770 ipso.
1857 725 1962 771 Ergo

297 783 378 825 <si>
404 783 635 819 intellectus
663 784 876 828 separatus
901 784 1087 829 intelligit
1114 784 1331 825 exteriora,
1367 785 1445 820 hoc
1481 784 1556 820 erit
1589 794 1663 829 per
1689 784 1851 829 species
1878 794 1964 820 cor-

297 851 438 887 porum
466 842 600 878 unitas
627 852 718 878 cum
744 852 806 878 eo.
857 842 938 879 Sed
964 843 1127 887 species
1153 843 1246 879 illae
1272 853 1355 879 non
1383 844 1477 879 sunt
1502 843 1675 879 unibiles
1701 842 1780 879 nisi
1799 852 1872 888 per
1897 843 1964 879 ab·
1984 852 2016 877 10

298 900 561 937 stractionem
587 911 612 937 a
637 901 828 937 sensibus
855 901 1015 937 factam.
1064 901 1169 947 Ergo
1196 902 1427 938 intellectus
1448 902 1609 938 animae
1631 903 1848 947 separatae
1866 902 1964 938 nihil

91 960 154 993 rol.
177 960 279 993 28vb
298 959 355 995 in-
372 962 385 1002 {l
403 959 587 1005 telligere
613 961 749 1004 potest
775 960 854 996 nisi
879 970 1005 996 sensu
1032 960 1249 996 mediante.

234 1062 282 1099 B.
1044 1060 1222 1097 Contra.

438 1144 468 1178 1.
496 1142 816 1188 Augustinus,
844 1143 902 1179 De
929 1143 1173 1186 Quantitate
1198 1143 1404 1179 Animae³
1431 1143 1544 1179 dicit:
1585 1142 1763 1186 „Sensus
1790 1145 1854 1180 est
1880 1154 1965 1181 cor·

299 1201 408 1246 poris
435 1201 574 1246 passio
600 1211 674 1246 per
700 1211 745 1237 se
773 1201 903 1246 ipsam
930 1211 1013 1237 non
1038 1202 1172 1238 latens
1199 1201 1409 1237 animam.“
1465 1202 1542 1238 Per
1580 1202 1770 1247 seipsam,
1809 1202 1965 1239 scilicet
1986 1211 2017 1237 15

298 1260 546 1305 passionem.
595 1260 699 1306 Ergo
726 1260 862 1296 anima
887 1260 1063 1296 advertit
1089 1260 1152 1296 sui
1178 1260 1362 1305 corporis
1388 1260 1721 1297 immutationem.

438 1320 470 1354 2.
496 1319 595 1354 Item
621 1319 938 1365 Augustinus,
964 1319 1030 1355 Ad
1062 1319 1382 1355 Volusianum4:
1423 1319 1584 1364 „Neque
1618 1320 1770 1356 sentire
1798 1322 1862 1357 est
1887 1321 1965 1357 nisi

300 1377 487 1419 viventis,
515 1378 608 1422 quia
632 1379 683 1414 ab
710 1377 845 1414 anima
871 1379 935 1414 est
961 1378 1133 1423 corpori,
1160 1387 1295 1423 neque
1322 1378 1412 1414 sine
1439 1378 1623 1423 corporis
1649 1379 1962 1416 instrumentis.“

300 1437 412 1473 Haec
437 1436 749 1482 Augustinus.
798 1436 902 1482 Ergo
931 1438 1124 1481 separata
1148 1447 1232 1473 non
1258 1437 1392 1473 sentit.

433 1496 464 1531 3.
500 1495 599 1531 Item
636 1495 957 1541 Augustinus,
997 1495 1084 1532 XII.
1119 1496 1255 1540 Super
1289 1496 1428 1532 Genfi:
1469 1496 1578 1539 „Non
1606 1498 1699 1532 sunt
1725 1497 1962 1542 corporalia,
1982 1510 2016 1534 20

302 1555 375 1591 sed
395 1554 627 1600 spiritualia,
643 1554 787 1599 quibus
808 1554 969 1591 animae
990 1554 1228 1599 corporibus
1251 1556 1402 1590 exutae
1423 1554 1686 1591 afficiuntur.“
1715 1555 1795 1592 Sed
1815 1566 1962 1592 sensus

302 1624 383 1650 non
409 1614 640 1649 immutatur
664 1613 743 1649 nisi
769 1613 1047 1658 corporalibus
1076 1613 1306 1658 speciebus.
1356 1613 1461 1659 Ergo
1496 1613 1633 1650 anima
1665 1615 1856 1659 separata
1881 1625 1963 1651 non

302 1673 421 1708 utitur
448 1681 583 1709 sensu.

439 1736 469 1767 4.
495 1731 593 1767 Item
619 1732 670 1767 ad
697 1732 774 1767 hoc
800 1732 894 1767 sunt
919 1732 1184 1767 auctoritates
1210 1731 1534 1772 Avicennaess,
1562 1732 1629 1776 qui
1656 1732 1761 1774 dicit,
1794 1734 1902 1777 quod
1929 1733 1963 1769 si

300 1790 435 1827 anima
448 1790 488 1826 in
502 1791 595 1826 actu
610 1789 814 1826 sentiendi
828 1800 910 1826 non
924 1790 1127 1836 indigeret
1141 1790 1287 1831 medio,
1305 1790 1574 1826 instrumenta
1589 1792 1731 1827 essent
1747 1791 1783 1827 ei
1802 1791 1961 1828 frustra.
1982 1803 2016 1829 25

438 1851 470 1885 5.
496 1849 596 1885 Item
621 1849 671 1884 ad
699 1849 776 1885 hoc
801 1858 978 1899 arguens
1007 1849 1111 1891 dicit,
1139 1850 1246 1894 quod
1274 1849 1307 1885 si
1334 1849 1505 1885 sentiret
1524 1859 1549 1885 a
1567 1859 1739 1894 corpore
1761 1852 1962 1895 separata,

301 1908 525 1952 aequaliter
551 1907 721 1944 sentiret
748 1908 788 1944 et
808 1909 1081 1953 cognosceret
1098 1908 1326 1953 propinqua
1347 1909 1386 1943 et
1406 1909 1574 1944 remota.
1612 1908 1672 1944 Ex
1692 1918 1771 1953 quo
1793 1909 1962 1951 videtur,

301 1967 409 2011 quod
434 1966 532 2002 velit
558 1966 693 2002 dicere
720 1967 827 2011 quod
854 1966 1134 2011 propinquitas
1162 1967 1227 2003 vel
1254 1966 1445 2002 distantia
1479 1967 1576 2003 nihil
1611 1966 1706 2003 facit
1740 1968 1791 2004 ad
1829 1969 1964 2014 cogni-

301 2025 454 2061 tionem
480 2025 806 2061 intellectualem.

440 2085 471 2120 6.
497 2084 597 2119 Item
622 2084 728 2120 idem
755 2084 849 2120 dicit
875 2084 1174 2120 Avicenna⁷z
1202 2083 1379 2128 „Sensus
1406 2094 1486 2120 non
1509 2085 1633 2121 sentit
1653 2095 1699 2121 se
1721 2095 1798 2122 nec
1817 2086 1961 2123 instru·
1981 2097 2014 2122 30

301 2144 634 2184 mentumsuum,
661 2143 735 2179 sed
760 2143 915 2179 tantum
941 2143 1090 2188 aliquid
1116 2153 1190 2188 per
1214 2143 1558 2179 instrumentum.“

438 2203 470 2237 7.
496 2201 595 2238 Item
621 2201 656 2238 si
680 2202 816 2238 anima
842 2203 1033 2247 separata
1057 2201 1261 2247 reciperet
1281 2202 1443 2247 species
1465 2203 1712 2247 corporales,
1733 2204 1828 2240 tunc
1848 2205 1962 2240 esset

302 2260 538 2297 naturaliter
564 2260 767 2305 passibilis
794 2270 818 2296 a
844 2261 1094 2306 corporibus.
1145 2261 1262 2301 Quod
1287 2261 1433 2297 falsum
1459 2262 1532 2297 est.

440 2321 472 2355 8.
506 2319 603 2355 Item
630 2319 664 2355 si
688 2319 831 2364 recipit
857 2321 1048 2364 separata
1073 2330 1098 2356 a
1122 2321 1257 2362 rebus,
1292 2320 1370 2356 hoc
1397 2329 1492 2356 esse
1518 2330 1601 2356 non
1627 2321 1764 2365 potest
1788 2321 1866 2357 nisi
1888 2331 1962 2367 per

304 2379 391 2420 hoc,
418 2379 525 2423 quod
551 2377 859 2414 transformaret
885 2388 930 2414 se
963 2378 1004 2414 in
1040 2378 1341 2415 similitudinem
1377 2379 1624 2415 exteriorum
1659 2380 1726 2416 vel
1762 2389 1836 2425 per
1872 2381 1959 2422 hoc,
1980 2390 2013 2415 35

305 2437 412 2482 quod
436 2436 606 2481 recipiat
630 2436 671 2472 in
697 2446 743 2473 se
770 2437 932 2482 species
959 2437 1149 2482 ipsorum.
1201 2437 1280 2473 Sed
1316 2447 1398 2473 non
1436 2439 1572 2482 potest
1598 2448 1643 2474 se
1671 2439 1960 2475 transformare

304 2494 345 2532 in
371 2505 512 2532 eorum
538 2495 820 2531 similitudines
847 2497 1048 2541 separata,
1084 2496 1178 2541 quia
1212 2496 1325 2538 ratio,
1364 2506 1491 2541 quare
1519 2497 1735 2533 coniuncta
1761 2507 1807 2534 se
1833 2498 1962 2534 trans—

442 2594 461 2626 3
488 2593 536 2632 Si]
563 2594 633 2626 Sed

443 2687 455 2710 1
482 2688 592 2721 Anal.
618 2689 713 2721 Post.
740 2689 763 2727 I,
792 2689 844 2720 18.

439 2741 457 2764 2
481 2741 570 2774 Vide
596 2751 707 2782 supra
738 2751 770 2782 p.
799 2742 840 2774 90
866 2743 936 2774 not.
964 2742 995 2774 6.
1056 2742 1222 2781 „Frustra
1256 2743 1350 2774 enim
1384 2743 1664 2775 calceamentum
1699 2743 1766 2775 hoc
1800 2743 1959 2782 dicimus,

305 2795 405 2827 cuius
430 2804 501 2827 non
528 2796 583 2827 est
608 2794 815 2827 calceatio.“
865 2795 917 2827 De
943 2795 1054 2827 Caelo
1079 2795 1102 2833 I,
1130 2795 1149 2826 4
1175 2793 1278 2834 (text.
1305 2794 1373 2834 32).

442 2847 457 2869 3
482 2857 511 2880 c.
538 2848 580 2879 25
606 2846 677 2886 (PL
702 2848 756 2886 32,
784 2848 871 2880 1065
897 2857 930 2880 n.
958 2846 1026 2887 48).

444 2899 458 2921 4
481 2900 547 2941 Ep.
575 2900 641 2932 137
665 2898 771 2939 (alias
796 2899 831 2939 3)
857 2898 927 2939 (PL
952 2900 1006 2939 33,
1034 2901 1099 2933 547
1125 2910 1159 2933 n.
1186 2899 1231 2939 5).
1280 2900 1370 2933 Vide
1392 2909 1504 2941 supra
1528 2910 1561 2940 p.
1583 2901 1625 2934 89
1646 2902 1717 2933 not.
1744 2902 1774 2933 4.

443 2952 458 2974 5
483 2953 602 2992 Super
629 2952 742 2985 Gen?
788 2952 876 2986 Sed:
902 2953 955 2985 De
980 2951 1076 2994 Spir.
1102 2955 1136 2985 et
1159 2953 1307 2992 Anima,
1334 2962 1363 2986 c.
1391 2954 1433 2986 23
1460 2952 1529 2993 (PL
1556 2954 1610 2992 40,
1638 2953 1728 2993 796).

444 3004 458 3026 ⁶
482 3005 582 3037 Hunc
607 3005 723 3037 locum
749 3006 784 3038 et
808 3007 1021 3046 sequentem
1045 3014 1116 3038 non
1141 3006 1271 3038 inveni.

444 3056 457 3078 7
488 3057 540 3090 VI.
567 3058 651 3091 Nat.
676 3058 729 3097 111,
756 3058 786 3090 8.
836 3058 905 3091 Cir.
931 3058 1052 3100 Aug.,
1078 3058 1130 3091 De
1156 3058 1241 3091 Gen.
1268 3058 1319 3090 ad
1342 3059 1407 3091 Lic.
1435 3059 1502 3098 XII,
1523 3059 1565 3091 24
1593 3058 1662 3097 (PL
1681 3059 1735 3098 34,
1753 3059 1818 3091 475
1838 3069 1871 3092 n.
1887 3059 1955 3099 51).
