2095 3459
801 170 972 207 Quaestio
1001 171 1052 202 XI.
1721 164 1763 199 97

705 305 1014 365 Quaestio
1054 305 1153 357 XI.
1769 320 1831 352 roz.
1853 320 1957 352 29va

96 416 335 463 Quaeritur
368 416 421 456 de
454 415 706 466 cognitione
741 416 916 455 animae
950 417 1187 465 separatae
1225 415 1462 465 gloriosae,
1502 416 1648 454 utrum
1687 424 1766 463 per

97 488 341 538 appetitum
376 487 577 537 corporis
610 487 759 536 aliquo
793 487 924 526 modo
957 486 1224 536 impediatur
1256 486 1311 525 ab
1351 486 1523 525 actibus
1555 479 1765 536 gloriae¹.

636 588 688 623 Et
715 588 968 625 ostenditur
994 588 1117 632 quod
1145 587 1222 624 sic.
1789 587 1837 624 A.

39 686 56 711 5
235 676 264 708 1.
292 671 395 712 Quia
422 671 516 707 dicit
543 671 862 717 Augustinus,
890 671 976 707 XII.
1003 671 1140 716 Super
1165 670 1305 707 Gen.·2:
1340 671 1472 714 „Inest
1497 670 1659 706 animae
1686 670 1768 715 qui-

93 732 186 768 dam
222 731 427 776 appetitus
464 730 703 766 naturaliter
738 730 1049 766 administrandi
1084 740 1233 775 corpus
1270 739 1397 765 suum.
1458 729 1546 770 Quo
1585 729 1767 774 appetitu

91 791 324 827 retardatur
349 791 663 835 quodammodo,
691 800 743 826 ne
770 790 948 826 totaliter
972 789 1126 825 feratur
1152 790 1191 825 in
1220 789 1350 834 ipsum
1377 798 1578 825 summum
1600 788 1767 830 caelum,

93 849 284 896 quamdiu
310 859 393 885 non
421 851 563 886 subest
596 859 756 894 corpus,
796 849 909 885 cuius
945 848 1297 885 administratione
1333 848 1537 893 appetitus
1574 848 1639 883 ille
1675 857 1769 883 con—

93 909 310 955 quiescat.“

41 981 74 1007 10
233 970 264 1005 2.
291 968 389 1005 Item
406 968 727 1014 Augustinus,
751 967 851 1003 VIII.
866 968 980 1004 Cont'.
992 970 1016 1009 3,
1031 967 1100 1003 ubi
1120 966 1260 1003 similis
1281 967 1514 1013 assignatur
1533 965 1767 1002 auctoritas.

231 1029 264 1064 3.
290 1028 389 1064 Item
416 1027 714 1069 Bernartius,
750 1027 809 1062 De
843 1027 1069 1072 Diliyendo
1104 1026 1215 1062 Deo4
1251 1035 1466 1071 exponens
1498 1025 1595 1061 illud
1630 1025 1768 1061 Canti-

93 1097 239 1123 corum
268 1087 421 1131 „Bibite
449 1088 489 1123 et
515 1086 783 1128 inebriamini,
811 1086 1032 1122 carissimi“
1061 1087 1175 1123 dicit:
1216 1085 1445 1130 „Carissimi
1480 1086 1572 1121 sunt
1607 1085 1675 1130 qui
1709 1094 1770 1121 re-

95 1146 248 1192 spectis
269 1147 508 1191 corporibus
528 1146 625 1182 nihil
645 1146 799 1182 habent
817 1145 1038 1187 residuum,
1059 1146 1167 1190 quod
1189 1145 1302 1190 ipsos
1324 1144 1474 1181 alliciat
1495 1145 1535 1181 et
1554 1144 1767 1180 retardet.“

92 1205 199 1252 Ergo
226 1215 300 1251 per
327 1206 576 1251 oppositum:
604 1205 747 1241 Donec
775 1214 948 1250 corpora
967 1205 1276 1250 resumpserint,
1303 1204 1454 1249 aliquid
1473 1204 1627 1240 habent
1645 1204 1770 1240 retar—

43 1277 76 1302 15
95 1265 286 1302 dativum.

233 1326 266 1361 4.
300 1325 401 1361 Item
437 1324 761 1371 Augustinus,
796 1324 897 1360 XIV.
923 1324 983 1360 De
1014 1324 1166 1361 Trinss:
1207 1323 1377 1369 „Imago‚
1417 1332 1522 1368 quae
1548 1323 1771 1358 renovatur

94 1383 135 1420 in
162 1383 306 1429 spiritu
331 1384 491 1427 mentis,
517 1384 754 1430 perficietur
779 1383 821 1419 in
847 1383 1020 1425 visione,
1047 1392 1153 1429 quae
1181 1383 1257 1419 erit
1281 1384 1377 1428 post
1396 1382 1621 1418 iudicium“.
1664 1381 1770 1427 Ergo

94 1453 226 1488 usque
252 1443 304 1479 ad
329 1443 521 1480 iudicium
547 1452 710 1488 semper
736 1443 814 1479 sibi
840 1443 959 1479 deest
984 1442 1135 1488 aliquid
1169 1442 1446 1488 perfectionis.
1496 1441 1544 1477 Et
1575 1442 1653 1477 hoc
1689 1451 1771 1477 non

95 1502 257 1539 videtur
281 1503 360 1539 nisi
387 1513 441 1539 ex
467 1502 629 1539 defectu
657 1503 719 1538 sui
746 1502 940 1547 corporis.
990 1501 1095 1548 Ergo
1124 1502 1199 1538 etc.
1736 1548 1739 1550 -

42 1572 76 1597 20
235 1564 268 1598 5.
293 1562 394 1599 Item
419 1561 654 1608 Magister
680 1562 797 1598 huius
827 1562 890 1598 est
916 1561 1148 1598 sententiae
1175 1560 1240 1597 IV.
1268 1561 1349 1604 lib„
1374 1561 1444 1596 49⁶
1469 1560 1571 1602 dist,
1610 1560 1651 1596 in
1676 1560 1771 1602 fine,

95 1621 164 1657 ubi
190 1621 287 1658 dicit
312 1622 421 1667 quod
447 1623 541 1667 post
565 1621 758 1658 iudicium
785 1621 964 1657 omnium
989 1621 1183 1667 gaudium
1208 1620 1433 1666 augebitur.

235 1682 267 1717 6.
292 1681 393 1717 Item
427 1681 637 1718 beatitudo
674 1680 868 1717 convenit
902 1680 943 1716 in
978 1680 1118 1716 ultima
1152 1680 1328 1716 hominis
1364 1679 1631 1725 perfectione.
1681 1679 1773 1716 Per-

95 1740 242 1777 fectius
268 1741 405 1776 autem
433 1741 497 1777 est
515 1740 845 1785 unumquodque,
873 1749 965 1776 cum
986 1740 1047 1776 est
1068 1740 1295 1776 secundum
1315 1740 1511 1780 naturam,
1539 1748 1661 1784 quam
1682 1749 1771 1775 cum

98 1800 165 1836 est
187 1809 270 1836 non
296 1800 524 1836 secundum
549 1800 748 1836 naturam.
800 1799 881 1836 Sed
908 1799 1115 1844 separatio
1142 1798 1304 1835 animae
1330 1807 1355 1834 a
1382 1807 1554 1843 corpore
1590 1807 1673 1834 non
1710 1799 1773 1834 est

45 1874 79 1899 25
99 1859 325 1895 secundum
351 1860 548 1901 naturam,
587 1868 678 1895 cum
713 1859 850 1895 anima
885 1858 1083 1903 perfectio
1121 1858 1173 1894 sit
1199 1858 1384 1903 corporis
1410 1857 1617 1893 naturalis.
1667 1856 1772 1903 Ergo

99 1928 306 1963 nunquam
331 1918 467 1954 anima
495 1919 557 1954 est
584 1918 625 1954 in
652 1928 727 1954 sua
752 1918 892 1954 ultima
916 1917 1172 1963 perfectione
1199 1917 1279 1953 nisi
1305 1917 1522 1953 coniuncta
1548 1916 1719 1961 corpori.

237 1979 269 2014 7.
294 1977 395 2014 Item
420 1978 557 2014 anima
582 1978 634 2014 ad
659 1978 738 2013 hoc
763 1977 876 2014 unita
903 1978 966 2013 est
993 1977 1333 2022 corporinostro,
1360 1976 1463 2012 utin
1483 1976 1573 2021 ipso
1594 1975 1772 2011 ultimam

99 2036 395 2082 perfectionem
422 2046 537 2073 suam
563 2037 782 2082 acquiram.
831 2036 937 2083 Ergo
965 2036 1054 2073 sine
1082 2046 1133 2072 eo
1161 2045 1252 2072 eam
1278 2036 1433 2071 habere
1459 2040 1541 2071 non
1567 2035 1714 2080 potest.

238 2097 272 2133 8.
295 2096 396 2133 Item
422 2096 554 2132 omnis
580 2097 736 2138 natura,
772 2097 923 2141 quanto
950 2096 1083 2132 minus
1110 2096 1260 2131 habeat
1287 2096 1337 2131 de
1366 2096 1564 2131 extraneo
1592 2093 1773 2139 appetitu

47 2170 81 2195 30
100 2166 125 2192 a
148 2155 244 2198 fine,
270 2157 383 2192 tanto
409 2155 602 2192 libentius
629 2156 759 2192 tendit
783 2155 824 2191 in
843 2154 980 2191 finem.
1019 2155 1100 2191 Sed
1120 2155 1324 2200 appetitus
1347 2154 1530 2199 corporis
1552 2155 1773 2189 extraneus

101 2216 165 2251 est
190 2225 215 2251 a
239 2214 322 2258 fine
348 2215 389 2251 et
407 2215 515 2251 inest
535 2215 696 2251 animae
716 2214 955 2251 naturaliter
974 2214 1041 2250 vel
1062 2214 1338 2250 essentialiter
1359 2214 1399 2249 et
1417 2222 1493 2258 per
1512 2222 1773 2258 consequens

101 2273 440 2319 inseparabiliter.
489 2273 595 2320 Ergo
623 2274 717 2310 dum
743 2274 1008 2319 suspenditur
1042 2273 1107 2309 hic
1141 2273 1358 2318 appetitus,
1398 2282 1604 2317 nunquam
1639 2271 1775 2308 anima

100 2333 228 2369 libere
254 2333 383 2369 tendit
407 2333 447 2369 in
473 2332 609 2369 finem.

242 2450 284 2482 10
310 2450 370 2491 ubi
395 2448 534 2488 similis]
560 2457 640 2481 cum
666 2449 770 2481 simul
866 2449 909 2481 25
935 2448 1028 2488 cum]
1058 2448 1095 2487 —l—
1124 2449 1171 2481 sit

243 2556 255 2578 1
283 2557 353 2589 Cir.
379 2557 557 2595 Bonav.,
588 2556 652 2597 Op.
681 2565 779 2588 omn.
806 2555 862 2595 IV,
890 2556 995 2595 1012,
1034 2556 1251 2596 praesertim
1277 2556 1439 2588 scholion
1468 2555 1572 2594 1013;
1611 2555 1776 2587 Monte-

103 2610 269 2643 fortino
294 2610 350 2649 VI,
378 2610 455 2642 918.

241 2662 256 2685 2
281 2664 352 2703 XII,
380 2663 422 2695 35
449 2661 520 2702 (PL
547 2662 670 2699 34,483
697 2671 730 2694 11.
758 2661 834 2701 68);
861 2662 926 2694 cfr.
953 2662 1111 2694 Retraet.
1138 2662 1175 2700 ΙΙ,
1203 2662 1257 2694 24.

243 2715 257 2739 3
282 2725 311 2750 c.
339 2717 358 2749 9
385 2715 456 2756 (PL
481 2716 535 2755 32,
563 2715 629 2748 758
655 2725 689 2748 n.
717 2713 786 2754 21).

243 2768 258 2791 4
284 2778 313 2803 c.
342 2770 382 2802 11
410 2768 481 2808 (PL
508 2768 584 2808 182,
611 2769 677 2801 993
704 2777 738 2800 n.
766 2766 835 2807 31).
887 2767 997 2805 „Sunt
1022 2768 1219 2806 carissimi,
1260 2768 1320 2807 qui
1345 2768 1494 2807 recepta
1520 2767 1591 2800 iam
1617 2767 1777 2799 secunda

105 2823 199 2856 stola
223 2823 260 2855 in
285 2822 499 2863 corporibus
524 2822 649 2862 utique
675 2830 755 2853 cum
780 2820 896 2862 gloria
920 2821 1115 2860 resumptis
1146 2821 1246 2852 tanto
1278 2820 1313 2852 in
1339 2820 1405 2852 Dei
1431 2820 1593 2852 feruntur
1619 2828 1777 2851 amorem

106 2876 294 2908 liberiores
320 2876 356 2907 et
382 2875 589 2913 alacriores,
629 2875 764 2914 quanto
791 2874 826 2906 et
852 2874 895 2905 de
921 2873 1069 2914 proprio
1095 2873 1143 2904 nil
1168 2873 1238 2905 iam
1264 2873 1446 2904 residuum
1479 2873 1543 2911 est,
1584 2872 1679 2912 quod
1713 2880 1776 2903 eos

108 2928 337 2969 aliquatenus
363 2928 532 2960 sollicitet
555 2928 615 2959 vel
639 2925 831 2960 retardet.“

244 2980 259 3002 ⁵
284 2980 372 3020 XIV,
401 2981 442 3013 19
469 2979 539 3020 (PL
566 2980 619 3016 42.
648 2980 736 3013 1056
762 2989 796 3012 11.
824 2978 892 3018 25).

245 3033 260 3054 ¹⁵
286 3033 355 3066 Cfr.
382 3034 552 3073 Bonav.,
583 3033 648 3074 Op.
676 3042 774 3065 omn.
800 3033 856 3072 IV,
884 3033 949 3065 999
977 3030 1021 3071 (c.
1049 3031 1095 3071 4).
1235 3029 1249 3051 7
1276 3030 1345 3063 Cfr.
1371 3029 1490 3070 Supra
1515 3039 1548 3070 p.
1577 3030 1629 3061 50.

178 3099 200 3127 B
209 3107 226 3127 e
235 3100 242 3126 i
251 3101 262 3126 t
270 3107 291 3127 r.
311 3099 382 3132 XlX,
398 3100 451 3133 5s6.
470 3099 539 3127 Hie
547 3107 561 3126 r
570 3107 587 3126 o
596 3107 614 3127 n
622 3107 640 3133 y
650 3107 686 3126 m.
707 3099 726 3126 S
734 3107 753 3133 p
762 3100 850 3126 cttm
861 3106 903 3126 an
913 3106 944 3130 n,
972 3098 1120 3125 .Johannis
1134 3097 1274 3124 Pechami
1290 3096 1497 3127 Quaestiones.
1641 3094 1659 3127 7
