2095 3459
828 197 1001 234 Quaestio
1031 198 1065 229 ll.
1747 197 1790 232 27

251 294 432 339 Amplius
460 295 617 331 autem:
657 294 928 339 Corruptibile
969 304 1076 336 esse,
1117 294 1302 340 quamvis
1341 296 1561 332 conveniat
1596 296 1716 332 alicui
1753 296 1791 332 in

110 363 276 400 genere,
305 364 386 390 non
415 356 551 390 tamen
580 354 706 395 omni;
735 354 830 399 quia
855 364 935 390 non
959 355 1022 389 est
1045 354 1275 399 proprietas
1298 355 1464 399 generis
1487 355 1711 391 secundum
1735 366 1792 391 sc.

242 414 293 449 19.
310 413 372 449 Ad
386 414 739 450 undevicesimum
756 414 973 449 dicendum
990 414 1099 458 quod
1116 423 1238 449 omne
1255 414 1437 450 creatum
1450 415 1573 450 habet
1589 415 1792 451 defectum

111 472 323 510 infinitum.
345 472 441 518 quia
459 472 596 509 deficit
614 474 665 509 ab
689 473 858 511 infinito.
881 474 921 509 et
943 473 1066 509 habet
1088 472 1292 508 defectum
1315 472 1515 509 infinitum
1538 474 1577 510 in
1600 476 1792 519 quantum

75 539 92 564 5
112 531 313 577 privative
341 541 416 568 seu
444 533 637 578 negative
666 533 816 569 dictum
844 532 932 568 sive
961 532 1184 574 dimissum,
1213 532 1309 577 quia
1333 532 1465 568 tendit
1490 533 1530 569 in
1558 534 1736 569 nihilum.

252 590 312 627 Ad
350 591 427 627 hoc
463 593 571 637 quod
609 592 742 633 obicit,
782 592 889 637 quod
927 592 1038 637 prius
1079 592 1142 627 est
1177 592 1393 628 adnihilari
1428 593 1514 635 etc,
1560 593 1650 629 dico
1688 594 1793 638 quod

112 650 223 696 prius
252 652 316 686 est
342 651 381 686 in
410 651 587 691 defectu,
627 654 667 688 et
703 652 796 688 ideo
834 651 1072 697 simpliciter
1109 652 1241 687 minus
1276 652 1349 688 est.
1400 651 1519 688 Unde
1548 654 1611 688 est
1636 652 1798 688 fallacia

113 711 408 755 consequentis
437 712 545 756 quod
574 711 688 747 dicit:
715 711 847 747 Minus
870 712 1017 756 potest,
1041 720 1139 757 ergo
1163 711 1291 756 magis
1325 712 1463 756 potest
1490 712 1531 747 et
1556 712 1646 757 plus
1675 712 1798 748 habet

114 770 164 806 de
192 770 328 808 nihilo.
357 780 455 817 ergo
484 771 574 816 plus
603 771 654 807 de
682 771 830 816 aliquo.
881 770 982 807 Mori
1010 771 1119 807 enim
1147 772 1210 807 est
1236 770 1390 807 resolvi
1417 771 1457 806 in
1484 770 1646 816 aliquid.
1697 770 1798 807 Etsi

65 836 94 861 10
114 829 222 866 dicat
249 829 356 875 quod
385 840 530 866 omnes
558 832 773 867 creaturae
802 831 883 867 sint
909 831 1119 876 aequales,
1159 830 1253 875 quia
1280 840 1425 866 omnes
1452 830 1607 867 habent
1633 830 1799 867 defecti-

113 889 311 925 bilitatem
337 889 550 929 infinitam.
579 892 619 926 et
645 890 710 931 ita,
739 891 772 926 si
801 900 882 926 una
909 900 991 926 non
1020 891 1084 926 est
1111 889 1384 935 corruptibilis
1413 899 1491 926 nec
1517 890 1608 931 alia,
1636 911 1679 916 —-
1707 890 1797 926 dico

115 949 223 994 quod
250 949 449 994 aequales
478 951 574 986 sunt
599 959 674 995 per
699 950 1022 996 abnegationem
1048 949 1309 995 aequalitatis
1338 959 1429 985 cum
1456 949 1627 985 infinito.
1666 949 1800 986 Priva-

114 1009 249 1045 tiones
270 1010 407 1045 autem
428 1009 549 1046 unius
565 1009 726 1045 habitus
744 1019 888 1045 omnes
905 1019 988 1045 non
1004 1009 1082 1045 nisi
1102 1010 1192 1051 <ut>
1207 1008 1453 1054 negationes
1476 1009 1570 1045 sunt
1590 1009 1799 1053 aequales,

117 1068 221 1105 sicut
248 1078 392 1105 omnes
421 1069 646 1106 caecitates
675 1070 716 1105 et
741 1070 907 1105 mortes.
958 1068 1084 1105 Verbi
1111 1069 1261 1115 gratia:
1290 1068 1379 1104 Non
1404 1077 1525 1104 omne
1548 1078 1630 1104 non
1651 1067 1799 1104 videns

66 1137 97 1164 15
116 1127 345 1173 aequaliter
370 1138 452 1165 non
481 1128 594 1165 videt
620 1128 796 1174 (catulus
823 1130 920 1164 ante
948 1138 1100 1164 nonum
1129 1128 1235 1164 diem
1265 1129 1305 1163 et
1341 1128 1459 1163 catus
1490 1128 1668 1173 caecus),
1708 1137 1798 1163 cum

117 1189 255 1224 tamen
282 1196 427 1224 omnes
455 1188 571 1225 caeci
596 1188 826 1234 aequaliter
852 1190 947 1224 sunt
973 1188 1098 1224 caeci.
1149 1188 1322 1232 Aliquae
1349 1196 1447 1233 ergo
1469 1187 1611 1233 magis,
1638 1186 1800 1231 aliquae

118 1247 250 1284 minus
277 1249 480 1284 accedunt
506 1248 558 1284 ad
584 1248 692 1284 illud.
741 1247 789 1283 Et
810 1248 845 1284 si
866 1247 975 1284 dicat
996 1247 1105 1292 quod
1126 1247 1325 1283 infinitum
1352 1256 1433 1282 non
1457 1247 1520 1282 est
1539 1246 1681 1288 maius,
1709 1246 1799 1282 dico

118 1307 227 1352 quod
253 1306 434 1343 infinitas
462 1308 614 1353 aliquid
641 1317 803 1352 ponens
831 1317 913 1343 non
942 1308 1006 1343 est
1033 1307 1118 1343 hic..

256 1367 310 1403 20.
328 1366 391 1403 Ad
403 1367 644 1403 vicesimum
661 1367 880 1403 dicendum
900 1367 1008 1411 quod
1023 1365 1327 1402 immortalitate
1342 1365 1506 1410 proprie
1523 1365 1630 1401 dicta
1645 1374 1699 1400 ex
1713 1374 1803 1410 pro-

66 1435 100 1461 20
120 1427 208 1472 pria
227 1427 373 1463 natura
393 1427 458 1463 est
476 1426 728 1467 immortalis,
756 1426 852 1472 quia
872 1425 1071 1471 principia
1096 1425 1183 1461 eius
1205 1424 1542 1461 indissolubiliter
1563 1426 1658 1460 sunt
1677 1424 1801 1460 unita.

259 1487 314 1522 21.
341 1486 403 1522 Ad
431 1486 672 1522 vicesimum
700 1486 871 1531 primum
905 1485 1144 1521 dicendum:
1185 1485 1235 1520 de
1276 1494 1372 1520 esse
1414 1485 1454 1520 et
1492 1483 1802 1520 continuatione

121 1555 203 1582 non
230 1545 425 1591 sequitur,
453 1545 549 1590 quia
574 1545 683 1590 quod
710 1545 779 1581 dat
806 1545 844 1581 ei
872 1554 967 1581 esse
989 1545 1028 1580 in
1052 1553 1237 1589 corpore,
1265 1553 1347 1579 non
1371 1544 1434 1579 est
1453 1544 1621 1588 propter
1641 1552 1802 1587 corpus,

121 1605 195 1641 sed
222 1606 390 1650 propter
415 1604 605 1641 animam.
655 1604 775 1641 Unde
803 1605 838 1640 si
865 1613 1013 1649 corpus
1043 1604 1243 1648 perpetuo
1278 1604 1476 1643 cessaret,
1516 1612 1599 1638 non
1635 1603 1803 1647 propter

120 1665 199 1700 hoc
224 1664 265 1700 in
292 1664 469 1700 animam
497 1673 593 1700 esse
620 1665 807 1700 cessaret
833 1663 1016 1700 influere.

261 1724 317 1759 22.
344 1723 407 1759 Ad
421 1723 663 1759 vicesimum
679 1724 906 1759 secundum
922 1722 1139 1758 dicendum
1156 1730 1162 1757 1
1191 1721 1452 1767 corruptibile
1469 1721 1564 1757 dicit
1578 1720 1803 1766 potentiam

121 1783 162 1819 in
184 1782 424 1819 substantia.
462 1782 575 1819 Haec
604 1784 668 1819 est
688 1782 989 1828 distinguenda.
1018 1782 1098 1818 Aut
1119 1781 1227 1817 enim
1247 1780 1436 1827 intelligit
1456 1780 1715 1817 differentiae
1736 1790 1805 1825 po-

123 1842 291 1879 tentiam
318 1842 359 1878 in
387 1842 618 1879 substantia
645 1842 957 1878 convertibilem
986 1851 1076 1877 cum
1104 1840 1345 1880 substantia,
1371 1861 1417 1865 —
1447 1841 1487 1876 et
1513 1840 1572 1876 sic
1600 1840 1663 1876 est
1688 1839 1804 1879 falsa,

124 1902 219 1947 quia
254 1901 486 1938 substantia
520 1901 712 1938 dividitur
744 1911 817 1946 per
850 1901 1154 1946 corruptibilem
1183 1902 1223 1936 et
1248 1899 1608 1944 incorruptibilem.
1659 1898 1738 1934 Aut
1765 1898 1805 1934 in

125 1971 252 1997 sensu
278 1961 375 1998 dicit
400 1961 627 2006 potentiam
660 1961 701 1997 in
730 1960 961 1997 substantia
988 1960 1027 1996 id
1056 1961 1119 1996 est
1145 1959 1315 1996 alicuius
1342 1959 1402 1995 rei
1428 1958 1469 1994 in
1496 1957 1735 1998 substantia,
1761 1978 1806 1982 —

71 2029 106 2054 30
126 2021 167 2057 et
199 2020 258 2057 sic
290 2029 391 2057 vera
423 2021 497 2062 est,
537 2020 632 2065 quia
664 2020 760 2057 dicit
789 2020 1013 2065 potentiam
1051 2019 1219 2055 alterius
1247 2018 1504 2054 differentiae
1538 2016 1805 2054 substantiae.

119 2079 225 2116 ‘Cum
260 2080 380 2126 igitur
406 2079 521 2116 dicit:
558 2089 656 2126 ergo
684 2079 990 2125 incorruptibile
1019 2079 1115 2115 dicit
1140 2078 1206 2114 vel
1233 2078 1366 2123 privat
1391 2077 1618 2122 potentiam
1647 2076 1688 2111 in
1716 2076 1807 2111 sub-

126 2139 288 2180 stantia,
317 2149 401 2175 non
422 2139 607 2184 sequitur
626 2139 705 2175 nisi
726 2140 862 2184 quoad
884 2139 1054 2183 primam
1075 2137 1351 2174 differentiam
1372 2136 1435 2172 cui
1457 2135 1686 2181 opponitur,
1713 2133 1807 2179 quia

125 2198 260 2244 privat
284 2198 511 2243 potentiam
538 2198 823 2243 corruptionis,
851 2207 934 2234 non
960 2198 1097 2234 autem
1124 2196 1349 2242 potentiam
1378 2195 1555 2242 generis,
1583 2194 1679 2239 quja
1698 2193 1806 2229 illam

127 2258 243 2303 ponit
267 2258 440 2303 utraque
464 2257 707 2294 differentia.
763 2257 848 2293 Nec
882 2258 945 2293 est
980 2256 1165 2302 potentia
1191 2255 1357 2302 generis
1384 2256 1539 2290 tantum
1566 2254 1618 2290 ad
1645 2262 1808 2296 corrup-

75 2328 109 2354 35
128 2317 293 2359 tionem,
321 2318 396 2353 sed
422 2317 700 2362 principaliter
725 2317 777 2353 ad
804 2317 1140 2361 permanendum.
1577 2360 1587 2367 ς

269 2376 469 2421 Amplius:
507 2376 694 2421 potentia
719 2376 890 2421 physice
918 2375 1126 2420 loquendo
1156 2375 1219 2410 est
1244 2373 1322 2415 illa,
1362 2382 1468 2418 quae
1503 2373 1566 2408 est
1601 2372 1649 2407 ad
1678 2372 1808 2406 trans-

130 2436 414 2477 mutationem,
453 2435 738 2480 metaphysice
777 2435 914 2471 autem
951 2434 1160 2479 loquendo
1200 2432 1386 2478 potentia
1424 2432 1488 2467 est
1525 2430 1662 2466 verius
1702 2438 1807 2474 quae

131 2495 312 2531 excludit
338 2504 440 2531 eam.
489 2494 609 2531 Unde
630 2494 978 2539 Philosophus
999 2492 1044 2528 V.
1060 2495 1071 2517 1
1091 2491 1403 2536 Mecaphystcae
1424 2500 1509 2535 cap.
1532 2489 1583 2525 de
1605 2488 1807 2534 potentia:

132 2553 342 2598 „Potentia
368 2553 512 2590 dicitur
537 2553 578 2589 in
606 2553 781 2595 entibus,
808 2552 954 2598 quibus
980 2561 1049 2588 res
1077 2561 1160 2587 non
1187 2550 1346 2595 patitur.
1399 2549 1529 2585 Omne
1564 2547 1673 2584 enim
1699 2547 1807 2592 quod

79 2623 113 2649 40
131 2613 323 2659 fatigatur
361 2613 402 2649 et
439 2613 661 2649 destruitur
699 2614 769 2648 aut
807 2611 1077 2656 corrumpitur
1114 2610 1250 2654 aliqua
1286 2608 1559 2653 corruptione,
1598 2606 1745 2643 accidit
1772 2605 1810 2641 ei

131 2671 222 2714 hoc,
248 2681 331 2708 non
358 2672 453 2717 quia
477 2672 603 2708 habet
628 2672 807 2717 aliquam
826 2670 1064 2716 potentiam,
1093 2670 1165 2705 sed
1189 2668 1283 2713 quia
1303 2677 1386 2703 non
1406 2668 1531 2703 habet
1550 2665 1807 2711 potentiam.“

132 2730 245 2767 Haec
258 2731 387 2767 verba
399 2730 566 2767 Philos
579 2731 703 2776 ophi.
729 2730 849 2767 Unde
867 2728 1172 2773 incorruptibile
1189 2728 1228 2763 et
1248 2726 1500 2772 impassibile
1523 2726 1563 2761 et
1583 2723 1809 2760 immortale

276 2836 295 2868 5
322 2834 400 2874 seu]
427 2836 493 2868 sed
564 2834 654 2874 sive]
675 2831 762 2874 siff)
831 2833 966 2866 13—14
994 2830 1346 2869 ommes—mortes]
1373 2838 1499 2862 omnes
1519 2838 1591 2861 non
1611 2820 1681 2861 nisi
1699 2835 1810 2868 nega-

134 2889 252 2921 tiones
272 2889 355 2921 sunt
374 2888 549 2929 aequales
569 2889 661 2921 sicut
680 2896 806 2920 omnes
826 2886 1023 2919 caecitates
1044 2886 1079 2917 et
1099 2884 1233 2917 mortes
1254 2884 1337 2916 sunt
1356 2882 1530 2922 aequales
1621 2881 1664 2913 32
1692 2879 1811 2920 quoad

136 2942 289 2983 primam
321 2940 575 2980 differentiam]
613 2941 709 2982 quod
743 2941 861 2981 prima
895 2938 1101 2971 differentia
1185 2937 1227 2968 43
1257 2936 1360 2968 Unde
1392 2934 1662 2975 incorruptibile
1689 2934 1724 2964 et
1748 2932 1810 2964 im-

138 2995 312 3035 passibile
332 2995 368 3027 et
386 2993 600 3033 immortale]
620 2994 715 3026 unde
735 2992 967 3033 corruptibile
981 2990 1028 3030 (2³)
1050 2992 1085 3023 et
1105 2989 1327 3030 impassibile
1348 2988 1441 3020 unde
1466 2988 1502 3020 in
1522 2985 1755 3027 corruptibile
1776 2985 1811 3017 et

280 3089 291 3111 ¹
317 3089 479 3129 Metaph.
506 3088 547 3125 V,
577 3088 628 3120 12.
