<?xml version="1.0" encoding="UTF-8"?>
<!DOCTYPE html PUBLIC "-//W3C//DTD XHTML 1.0 Transitional//EN"
    "http://www.w3.org/TR/xhtml1/DTD/xhtml1-transitional.dtd">
<html xmlns="http://www.w3.org/1999/xhtml" xml:lang="en" lang="en">
 <head>
  <title>
</title>
<meta http-equiv="Content-Type" content="text/html;charset=utf-8" />
  <meta name='ocr-system' content='tesseract 3.04.00' />
  <meta name='ocr-capabilities' content='ocr_page ocr_carea ocr_par ocr_line ocrx_word'/>
</head>
<body>
  <div class='ocr_page' id='page_1' title='image "./johannispechamiq00peck/johannispechamiq00peck_0011.png"; bbox 0 0 2095 3459; ppageno 0'>
   <div class='ocr_carea' id='block_1_1' title="bbox 628 796 1208 846">
    <p class='ocr_par' dir='ltr' id='par_1_1' title="bbox 628 796 1208 846">
     <span class='ocr_line' id='line_1_1' title="bbox 628 796 1208 846; baseline -0.003 0"><span class='ocrx_word' id='word_1_1' title='bbox 628 796 854 846; x_wconf 88' lang='lat' dir='ltr'>Lectori</span> <span class='ocrx_word' id='word_1_2' title='bbox 893 796 1208 846; x_wconf 88' lang='lat' dir='ltr'>benevolo!</span> 
     </span>
    </p>
   </div>
   <div class='ocr_carea' id='block_1_2' title="bbox 72 941 1754 1829">
    <p class='ocr_par' dir='ltr' id='par_1_2' title="bbox 72 941 1754 1829">
     <span class='ocr_line' id='line_1_2' title="bbox 213 941 1754 991; baseline -0.001 -9"><span class='ocrx_word' id='word_1_3' title='bbox 213 943 261 983; x_wconf 92' lang='lat' dir='ltr'>In</span> <span class='ocrx_word' id='word_1_4' title='bbox 294 944 438 982; x_wconf 89' lang='lat' dir='ltr'>lucem</span> <span class='ocrx_word' id='word_1_5' title='bbox 472 943 671 983; x_wconf 84' lang='lat' dir='ltr'>editurus</span> <span class='ocrx_word' id='word_1_6' title='bbox 704 942 924 982; x_wconf 75' lang='lat' dir='ltr'>Johannis</span> <span class='ocrx_word' id='word_1_7' title='bbox 956 943 1167 982; x_wconf 85' lang='lat' dir='ltr'>Pechami</span> <span class='ocrx_word' id='word_1_8' title='bbox 1200 942 1253 981; x_wconf 90' lang='lat' dir='ltr'>de</span> <span class='ocrx_word' id='word_1_9' title='bbox 1287 942 1437 981; x_wconf 87' lang='lat' dir='ltr'>anima</span> <span class='ocrx_word' id='word_1_10' title='bbox 1470 941 1754 991; x_wconf 79' lang='lat' dir='ltr'>quaestiones</span> 
     </span>
     <span class='ocr_line' id='line_1_3' title="bbox 73 1018 1754 1071; baseline -0.001 -11"><span class='ocrx_word' id='word_1_11' title='bbox 73 1021 200 1071; x_wconf 87' lang='lat' dir='ltr'>grato</span> <span class='ocrx_word' id='word_1_12' title='bbox 232 1020 396 1070; x_wconf 91' lang='lat' dir='ltr'>pioque</span> <span class='ocrx_word' id='word_1_13' title='bbox 429 1020 577 1060; x_wconf 86' lang='lat' dir='ltr'>animo</span> <span class='ocrx_word' id='word_1_14' title='bbox 611 1020 779 1070; x_wconf 82' lang='lat' dir='ltr'>gratias</span> <span class='ocrx_word' id='word_1_15' title='bbox 812 1030 946 1069; x_wconf 89' lang='lat' dir='ltr'>quam</span> <span class='ocrx_word' id='word_1_16' title='bbox 978 1019 1200 1059; x_wconf 82' lang='lat' dir='ltr'>maximas</span> <span class='ocrx_word' id='word_1_17' title='bbox 1233 1018 1438 1059; x_wconf 89' lang='lat' dir='ltr'>omnibus</span> <span class='ocrx_word' id='word_1_18' title='bbox 1470 1018 1576 1057; x_wconf 81' lang='lat' dir='ltr'>viris</span> <span class='ocrx_word' id='word_1_19' title='bbox 1604 1018 1658 1058; x_wconf 91' lang='lat' dir='ltr'>de</span> <span class='ocrx_word' id='word_1_20' title='bbox 1684 1029 1754 1058; x_wconf 88' lang='lat' dir='ltr'>me</span> 
     </span>
     <span class='ocr_line' id='line_1_4' title="bbox 72 1095 1754 1148; baseline -0.001 -12"><span class='ocrx_word' id='word_1_21' title='bbox 72 1098 188 1137; x_wconf 85' lang='lat' dir='ltr'>bene</span> <span class='ocrx_word' id='word_1_22' title='bbox 220 1097 387 1136; x_wconf 89' lang='lat' dir='ltr'>meritis</span> <span class='ocrx_word' id='word_1_23' title='bbox 421 1096 542 1136; x_wconf 86' lang='lat' dir='ltr'>dico:</span> <span class='ocrx_word' id='word_1_24' title='bbox 587 1096 801 1148; x_wconf 88' lang='lat' dir='ltr'>magistro</span> <span class='ocrx_word' id='word_1_25' title='bbox 834 1107 933 1136; x_wconf 90' lang='lat' dir='ltr'>meo</span> <span class='ocrx_word' id='word_1_26' title='bbox 967 1096 1212 1145; x_wconf 83' lang='lat' dir='ltr'>carissimo,</span> <span class='ocrx_word' id='word_1_27' title='bbox 1256 1095 1327 1135; x_wconf 90' lang='lat' dir='ltr'>cui</span> <span class='ocrx_word' id='word_1_28' title='bbox 1361 1105 1536 1145; x_wconf 83' lang='lat' dir='ltr'>semper</span> <span class='ocrx_word' id='word_1_29' title='bbox 1570 1105 1647 1134; x_wconf 90' lang='lat' dir='ltr'>ero</span> <span class='ocrx_word' id='word_1_30' title='bbox 1681 1095 1754 1134; x_wconf 91' lang='lat' dir='ltr'>de-</span> 
     </span>
     <span class='ocr_line' id='line_1_5' title="bbox 72 1172 1754 1222; baseline -0.002 -9"><span class='ocrx_word' id='word_1_31' title='bbox 72 1173 200 1222; x_wconf 91' lang='lat' dir='ltr'>bitor,</span> <span class='ocrx_word' id='word_1_32' title='bbox 233 1173 483 1213; x_wconf 78' lang='lat' dir='ltr'>Professori</span> <span class='ocrx_word' id='word_1_33' title='bbox 511 1172 770 1213; x_wconf 86' lang='lat' dir='ltr'>Clementi</span> <span class='ocrx_word' id='word_1_34' title='bbox 795 1173 1110 1221; x_wconf 88' lang='lat' dir='ltr'>Baeumker,</span> <span class='ocrx_word' id='word_1_35' title='bbox 1145 1172 1220 1222; x_wconf 84' lang='lat' dir='ltr'>qui</span> <span class='ocrx_word' id='word_1_36' title='bbox 1246 1172 1364 1220; x_wconf 90' lang='lat' dir='ltr'>mihi,</span> <span class='ocrx_word' id='word_1_37' title='bbox 1398 1172 1443 1210; x_wconf 89' lang='lat' dir='ltr'>in</span> <span class='ocrx_word' id='word_1_38' title='bbox 1470 1174 1565 1211; x_wconf 88' lang='lat' dir='ltr'>arte</span> <span class='ocrx_word' id='word_1_39' title='bbox 1593 1172 1754 1211; x_wconf 88' lang='lat' dir='ltr'>edendi</span> 
     </span>
     <span class='ocr_line' id='line_1_6' title="bbox 73 1249 1753 1300; baseline -0.001 -11"><span class='ocrx_word' id='word_1_40' title='bbox 73 1250 229 1300; x_wconf 89' lang='lat' dir='ltr'>ignaro</span> <span class='ocrx_word' id='word_1_41' title='bbox 251 1251 294 1289; x_wconf 91' lang='lat' dir='ltr'>et</span> <span class='ocrx_word' id='word_1_42' title='bbox 314 1260 403 1289; x_wconf 91' lang='lat' dir='ltr'>non</span> <span class='ocrx_word' id='word_1_43' title='bbox 425 1251 563 1290; x_wconf 90' lang='lat' dir='ltr'>semel</span> <span class='ocrx_word' id='word_1_44' title='bbox 584 1250 833 1298; x_wconf 77' lang='lat' dir='ltr'>fluctuanti,</span> <span class='ocrx_word' id='word_1_45' title='bbox 854 1250 1145 1290; x_wconf 86' lang='lat' dir='ltr'>libentissime</span> <span class='ocrx_word' id='word_1_46' title='bbox 1166 1260 1345 1299; x_wconf 87' lang='lat' dir='ltr'>semper</span> <span class='ocrx_word' id='word_1_47' title='bbox 1359 1249 1518 1297; x_wconf 59' lang='lat' dir='ltr'>adium</span> <span class='ocrx_word' id='word_1_48' title='bbox 1541 1249 1753 1288; x_wconf 74' lang='lat' dir='ltr'>fratribus</span> 
     </span>
     <span class='ocr_line' id='line_1_7' title="bbox 73 1325 1753 1375; baseline -0.001 -9"><span class='ocrx_word' id='word_1_49' title='bbox 73 1327 184 1366; x_wconf 90' lang='lat' dir='ltr'>meis</span> <span class='ocrx_word' id='word_1_50' title='bbox 214 1327 262 1367; x_wconf 91' lang='lat' dir='ltr'>P.</span> <span class='ocrx_word' id='word_1_51' title='bbox 297 1326 542 1367; x_wconf 84' lang='lat' dir='ltr'>Servatio</span> <span class='ocrx_word' id='word_1_52' title='bbox 576 1327 783 1366; x_wconf 88' lang='lat' dir='ltr'>Franck</span> <span class='ocrx_word' id='word_1_53' title='bbox 822 1328 865 1366; x_wconf 92' lang='lat' dir='ltr'>et</span> <span class='ocrx_word' id='word_1_54' title='bbox 906 1326 952 1366; x_wconf 90' lang='lat' dir='ltr'>P.</span> <span class='ocrx_word' id='word_1_55' title='bbox 981 1326 1290 1366; x_wconf 89' lang='lat' dir='ltr'>Willibaldo</span> <span class='ocrx_word' id='word_1_56' title='bbox 1324 1326 1644 1373; x_wconf 87' lang='lat' dir='ltr'>Kuhlmann‚</span> <span class='ocrx_word' id='word_1_57' title='bbox 1680 1325 1753 1375; x_wconf 89' lang='lat' dir='ltr'>qui</span> 
     </span>
     <span class='ocr_line' id='line_1_8' title="bbox 73 1403 1752 1455; baseline -0.001 -12"><span class='ocrx_word' id='word_1_58' title='bbox 73 1404 118 1443; x_wconf 92' lang='lat' dir='ltr'>in</span> <span class='ocrx_word' id='word_1_59' title='bbox 149 1403 343 1455; x_wconf 86' lang='lat' dir='ltr'>plagulis</span> <span class='ocrx_word' id='word_1_60' title='bbox 375 1404 652 1454; x_wconf 80' lang='lat' dir='ltr'>corrigendis</span> <span class='ocrx_word' id='word_1_61' title='bbox 686 1414 776 1443; x_wconf 89' lang='lat' dir='ltr'>una</span> <span class='ocrx_word' id='word_1_62' title='bbox 808 1414 909 1443; x_wconf 85' lang='lat' dir='ltr'>cum</span> <span class='ocrx_word' id='word_1_63' title='bbox 941 1403 1154 1454; x_wconf 87' lang='lat' dir='ltr'>magistro</span> <span class='ocrx_word' id='word_1_64' title='bbox 1193 1403 1377 1442; x_wconf 82' lang='lat' dir='ltr'>laudato</span> <span class='ocrx_word' id='word_1_65' title='bbox 1416 1413 1486 1442; x_wconf 91' lang='lat' dir='ltr'>me</span> <span class='ocrx_word' id='word_1_66' title='bbox 1519 1403 1651 1442; x_wconf 88' lang='lat' dir='ltr'>valde</span> <span class='ocrx_word' id='word_1_67' title='bbox 1690 1403 1752 1442; x_wconf 91' lang='lat' dir='ltr'>iu-</span> 
     </span>
     <span class='ocr_line' id='line_1_9' title="bbox 74 1479 1753 1531; baseline -0.001 -11"><span class='ocrx_word' id='word_1_68' title='bbox 74 1482 254 1530; x_wconf 88' lang='lat' dir='ltr'>verunt;</span> <span class='ocrx_word' id='word_1_69' title='bbox 288 1479 737 1520; x_wconf 85' lang='lat' dir='ltr'>bibliothecarum</span> <span class='ocrx_word' id='word_1_70' title='bbox 769 1480 1080 1531; x_wconf 71' lang='lat' dir='ltr'>praefectis,</span> <span class='ocrx_word' id='word_1_71' title='bbox 1115 1480 1189 1529; x_wconf 89' lang='lat' dir='ltr'>qui</span> <span class='ocrx_word' id='word_1_72' title='bbox 1222 1479 1399 1519; x_wconf 88' lang='lat' dir='ltr'>codices</span> <span class='ocrx_word' id='word_1_73' title='bbox 1431 1479 1537 1519; x_wconf 87' lang='lat' dir='ltr'>mihi</span> <span class='ocrx_word' id='word_1_74' title='bbox 1570 1482 1645 1519; x_wconf 85' lang='lat' dir='ltr'>aut</span> <span class='ocrx_word' id='word_1_75' title='bbox 1679 1479 1753 1519; x_wconf 80' lang='lat' dir='ltr'>ad-</span> 
     </span>
     <span class='ocr_line' id='line_1_10' title="bbox 73 1556 1751 1608; baseline -0.001 -11"><span class='ocrx_word' id='word_1_76' title='bbox 73 1557 227 1597; x_wconf 89' lang='lat' dir='ltr'>hibere</span> <span class='ocrx_word' id='word_1_77' title='bbox 254 1559 331 1597; x_wconf 91' lang='lat' dir='ltr'>aut</span> <span class='ocrx_word' id='word_1_78' title='bbox 357 1557 463 1598; x_wconf 84' lang='lat' dir='ltr'>solis</span> <span class='ocrx_word' id='word_1_79' title='bbox 491 1568 575 1607; x_wconf 91' lang='lat' dir='ltr'>ope</span> <span class='ocrx_word' id='word_1_80' title='bbox 601 1557 790 1597; x_wconf 87' lang='lat' dir='ltr'>reddere</span> <span class='ocrx_word' id='word_1_81' title='bbox 815 1558 1007 1608; x_wconf 86' lang='lat' dir='ltr'>benigne</span> <span class='ocrx_word' id='word_1_82' title='bbox 1035 1557 1350 1607; x_wconf 87' lang='lat' dir='ltr'>permiserunt;</span> <span class='ocrx_word' id='word_1_83' title='bbox 1378 1558 1443 1596; x_wconf 87' lang='lat' dir='ltr'>tot</span> <span class='ocrx_word' id='word_1_84' title='bbox 1470 1557 1568 1596; x_wconf 89' lang='lat' dir='ltr'>aliis</span> <span class='ocrx_word' id='word_1_85' title='bbox 1595 1556 1751 1596; x_wconf 91' lang='lat' dir='ltr'>merito</span> 
     </span>
     <span class='ocr_line' id='line_1_11' title="bbox 73 1627 1752 1684; baseline -0.001 -10"><span class='ocrx_word' id='word_1_86' title='bbox 73 1634 376 1675; x_wconf 84' lang='lat' dir='ltr'>nominandis:</span> <span class='ocrx_word' id='word_1_87' title='bbox 410 1634 455 1673; x_wconf 90' lang='lat' dir='ltr'>in</span> <span class='ocrx_word' id='word_1_88' title='bbox 486 1627 729 1684; x_wconf 85' lang='lat' dir='ltr'>primisque</span> <span class='ocrx_word' id='word_1_89' title='bbox 756 1634 896 1683; x_wconf 88' lang='lat' dir='ltr'>Tibi,</span> <span class='ocrx_word' id='word_1_90' title='bbox 929 1634 1193 1674; x_wconf 86' lang='lat' dir='ltr'>Reverende</span> <span class='ocrx_word' id='word_1_91' title='bbox 1219 1634 1365 1682; x_wconf 83' lang='lat' dir='ltr'>Pater,</span> <span class='ocrx_word' id='word_1_92' title='bbox 1401 1633 1473 1673; x_wconf 85' lang='lat' dir='ltr'>cui</span> <span class='ocrx_word' id='word_1_93' title='bbox 1500 1634 1672 1673; x_wconf 89' lang='lat' dir='ltr'>auctori</span> <span class='ocrx_word' id='word_1_94' title='bbox 1700 1644 1752 1673; x_wconf 89' lang='lat' dir='ltr'>ac</span> 
     </span>
     <span class='ocr_line' id='line_1_12' title="bbox 73 1710 1752 1761; baseline -0.001 -10"><span class='ocrx_word' id='word_1_95' title='bbox 73 1711 237 1751; x_wconf 73' lang='lat' dir='ltr'>fautori</span> <span class='ocrx_word' id='word_1_96' title='bbox 268 1711 517 1751; x_wconf 88' lang='lat' dir='ltr'>litterarum</span> <span class='ocrx_word' id='word_1_97' title='bbox 548 1722 750 1751; x_wconf 87' lang='lat' dir='ltr'>mearum</span> <span class='ocrx_word' id='word_1_98' title='bbox 782 1712 864 1751; x_wconf 86' lang='lat' dir='ltr'>has</span> <span class='ocrx_word' id='word_1_99' title='bbox 897 1711 1164 1761; x_wconf 89' lang='lat' dir='ltr'>scriptorum</span> <span class='ocrx_word' id='word_1_100' title='bbox 1196 1721 1395 1750; x_wconf 90' lang='lat' dir='ltr'>meorum</span> <span class='ocrx_word' id='word_1_101' title='bbox 1428 1710 1645 1760; x_wconf 87' lang='lat' dir='ltr'>primitias</span> <span class='ocrx_word' id='word_1_102' title='bbox 1680 1711 1752 1750; x_wconf 87' lang='lat' dir='ltr'>de-</span> 
     </span>
     <span class='ocr_line' id='line_1_13' title="bbox 75 1788 411 1829; baseline 0 -1"><span class='ocrx_word' id='word_1_103' title='bbox 75 1788 245 1828; x_wconf 87' lang='lat' dir='ltr'>dicatas</span> <span class='ocrx_word' id='word_1_104' title='bbox 276 1788 411 1829; x_wconf 86' lang='lat' dir='ltr'>volui.</span> 
     </span>
    </p>
   </div>
   <div class='ocr_carea' id='block_1_3' title="bbox 211 1882 1016 1923">
    <p class='ocr_par' dir='ltr' id='par_1_3' title="bbox 211 1882 1016 1923">
     <span class='ocr_line' id='line_1_14' title="bbox 211 1882 1016 1923; baseline -0.001 0"><span class='ocrx_word' id='word_1_105' title='bbox 211 1883 490 1923; x_wconf 85' lang='lat' dir='ltr'>Duerstenae</span> <span class='ocrx_word' id='word_1_106' title='bbox 524 1882 857 1923; x_wconf 77' lang='lat' dir='ltr'>Guestfalorum</span> <span class='ocrx_word' id='word_1_107' title='bbox 891 1883 1016 1923; x_wconf 85' lang='lat'>1918.</span> 
     </span>
    </p>
   </div>
   <div class='ocr_carea' id='block_1_4' title="bbox 1447 1997 1632 2039">
    <p class='ocr_par' dir='ltr' id='par_1_4' title="bbox 1447 1997 1632 2039">
     <span class='ocr_line' id='line_1_15' title="bbox 1447 1997 1632 2039; baseline 0 -2"><span class='ocrx_word' id='word_1_108' title='bbox 1447 1997 1632 2039; x_wconf 85' lang='lat' dir='ltr'>Editor.</span> 
     </span>
    </p>
   </div>
  </div>
 </body>
</html>
