2095 3459
812 197 983 234 Quaestio
1012 197 1065 230 IV.
1731 198 1775 232 49

99 293 402 331 substantiales.
441 294 546 340 Ergo
574 295 805 331 intellectus
833 278 1040 340 pos'sibilis
1066 297 1129 331 est
1151 296 1473 332 substantialiter
1494 297 1533 332 et
1553 296 1776 333 formaliter

101 354 262 390 unibilis
291 355 331 390 et
356 363 430 399 per
456 364 719 399 consequens
747 355 987 390 necessario
1025 355 1310 399 multiplicatur
1346 356 1449 391 sicut
1484 356 1655 392 materia
1690 366 1774 393 sua.

239 414 293 449 23.
321 413 419 449 Item
441 414 665 450 secundum
688 414 856 449 Philos
871 415 961 458 oph
977 424 1045 449 um
1070 414 1298 460 intelligere
1321 416 1384 450 est
1405 415 1643 451 coniuncti1.
1670 415 1775 461 Ergo

100 472 221 508 homo
243 472 439 519 intelligit.
474 472 553 509 Sed
575 474 690 509 actus
711 474 774 509 est
796 473 1000 509 coniuncti
1023 474 1229 509 mediante
1251 473 1381 510 forma
1402 484 1486 510 sua.
1521 474 1625 520 Ergo
1645 475 1776 511 forma

63 539 78 563 τ.
101 531 275 568 hominiS
304 535 367 568 est
392 533 622 568 intellectus
652 534 726 568 etc.

45 877 78 903 10

45 1179 77 1205 15

43 1473 78 1500 20

43 2072 78 2098 30

237 592 292 627 24.
329 591 369 627 Si
404 592 558 628 dixeris
595 602 684 627 cum
722 592 1034 628 Alexandro2
1061 593 1168 637 quod
1206 593 1436 629 intellectus
1465 594 1685 630 materialis
1714 598 1777 631 est

98 652 320 696 generatus
349 653 389 687 et
415 652 542 687 virtus
570 651 677 687 facta
713 661 766 687 ex
802 651 1101 696 complexione,
1138 653 1187 687 ad
1225 652 1319 688 illud
1357 653 1595 689 omnimode
1632 654 1777 698 impro-

99 710 276 746 bandum
305 710 520 751 sufficiant,
549 720 654 755 quae
683 713 832 756 supra3
858 711 966 746 dicta
993 712 1086 746 sunt
1113 712 1163 747 de
1192 712 1493 748 immortalitate
1522 713 1694 749 animae.

803 793 1072 839 Responsio.

239 869 350 906 Sicut
375 871 497 907 tradit
523 870 627 908 fides
657 870 858 907 catholica
885 874 925 906 et
952 873 1185 907 sanctorum
1215 872 1448 908 sententiae
1482 874 1774 910 contestantur.

97 938 178 965 una
217 931 282 966 est
318 930 534 966 cuiuslibet
572 930 747 966 hominis
776 930 992 976 singularis
1032 931 1169 966 anima
1206 931 1429 971 rationalis,
1469 941 1573 976 quae
1614 932 1775 978 corpori

98 990 238 1025 creato
260 988 483 1026 infunditur
504 999 600 1026 mox
621 991 771 1026 creata.
811 989 894 1025 Nec
917 999 1106 1034 umquam
1128 992 1294 1026 sanctus
1317 990 1462 1035 aliquis
1490 992 1540 1027 de
1570 993 1776 1028 sententia

97 1048 173 1084 hae
200 1049 409 1091 dubitavit,
446 1049 631 1094 quamvis
659 1050 710 1085 de
739 1049 895 1095 origine
923 1049 1149 1085 animarum
1178 1052 1340 1086 constet
1366 1050 1524 1095 aliquos
1553 1051 1775 1095 dubitasse,

99 1109 230 1144 utrum
258 1108 413 1144 scilicet
440 1108 691 1154 singulorum
718 1109 881 1144 animae
909 1110 1100 1144 creentur
1140 1109 1190 1145 de
1230 1109 1354 1145 nihilo
1391 1119 1444 1145 an
1479 1119 1503 1145 a
1536 1111 1773 1155 parentibus

97 1168 370 1209 traducantur,
396 1167 501 1203 sicut
527 1177 652 1213 supra
676 1168 806 1213 patuit
831 1168 871 1203 in
899 1168 1143 1212 quaestione
1172 1169 1222 1204 de
1250 1169 1327 1204 hoc
1353 1168 1460 1205 facta
1471 1172 1494 1204 ⁴.

237 1226 426 1263 Videnda
451 1227 571 1273 igitur
598 1228 692 1263 sunt
716 1226 985 1263 fundamenta
1010 1227 1128 1263 huius
1157 1227 1318 1269 erroris,
1346 1230 1388 1264 ut
1409 1237 1523 1264 error
1544 1229 1774 1265 destruatur

96 1285 136 1321 in
163 1284 440 1322 fundamentis
468 1287 703 1323 sanctorum
730 1286 975 1322 testimoniis
1003 1286 1043 1322 in
1070 1289 1282 1322 aeternum
1309 1287 1500 1324 fundatis.

240 1345 459 1382 Sciendum
485 1345 615 1391 igitur,
644 1346 752 1391 quod
780 1345 1004 1382 seminator
1030 1346 1148 1382 huius
1186 1346 1336 1383 erroris
1369 1346 1678 1383 fundamentum
1710 1358 1774 1384 ac-

97 1406 206 1449 cepit
232 1414 332 1441 suae
359 1405 545 1441 haeresis
582 1405 622 1441 in
660 1405 890 1442 substantia
927 1406 1159 1441 intellectus
1195 1406 1423 1451 possibilis;
1461 1408 1665 1452 processit
1702 1417 1775 1452 per

100 1464 476 1501 considerationem
513 1465 691 1507 virtutis;
731 1466 772 1500 et
797 1474 880 1501 non
907 1464 1090 1509 profecit,
1131 1466 1204 1501 sed
1232 1474 1277 1501 se
1305 1465 1589 1511 praecipitavit
1614 1467 1653 1502 in
1682 1477 1775 1503 con-

100 1523 351 1560 sideratione
379 1524 631 1569 operationis
659 1524 958 1560 intellectualis.

237 1583 394 1619 Primo
422 1583 513 1619 dico
539 1583 849 1620 fundamentum
877 1583 1049 1628 sumpsit
1074 1583 1115 1620 in
1146 1584 1376 1620 substantia
1393 1586 1406 1627 ll
1424 1584 1655 1622 intellectus
1681 1595 1774 1630 pos·
1793 1595 1823 1627 Β
1844 1595 1905 1627 rol,
1929 1595 2051 1628 168vb

97 1642 225 1678 sibilis
247 1643 441 1688 ponendo
462 1643 711 1679 intellectum
733 1642 972 1688 possibilem
997 1643 1307 1679 immaterialem
1320 1646 1334 1669 ὃ
1355 1645 1395 1679 et
1414 1653 1488 1689 per
1511 1654 1773 1689 consequens

95 1702 147 1737 ab
175 1702 286 1738 omni
312 1701 484 1738 materia
510 1702 834 1739 substantialiter
859 1702 1091 1738 absolutum
1119 1704 1160 1738 et
1185 1712 1258 1747 per
1285 1712 1547 1748 consequens
1569 1713 1651 1740 non
1677 1713 1772 1740 esse

61 1770 76 1793 5
96 1761 247 1806 aliquid
275 1761 427 1798 entium
453 1761 755 1807 particularium
783 1763 824 1798 et
848 1771 922 1806 per
949 1771 1211 1806 consequens
1238 1772 1322 1798 non
1355 1771 1450 1798 esse
1477 1762 1771 1807 perfectionem

96 1820 271 1856 hominis
299 1820 445 1857 eodem
472 1822 594 1857 modo
622 1831 701 1866 quo
729 1821 866 1857 anima
891 1821 1091 1857 sensitiva
1108 1823 1122 1864 ΙΙ
1141 1822 1215 1857 sed
1241 1821 1480 1867 aequivoce.

227 1879 323 1916 Hoc
348 1880 469 1927 igitur
495 1880 666 1925 primum
691 1880 1001 1916 fundamentum
1038 1881 1310 1926 multipliciter
1349 1881 1519 1923 eliditur.
1557 1882 1640 1917 tum
1679 1882 1773 1927 quia
1805 1894 1820 1929 *ἦ

97 1939 283 1984 quamvis
311 1941 451 1976 careat
477 1939 648 1976 materia
674 1940 877 1985 corporali
904 1940 1074 1985 privata,
1104 1950 1186 1976 non
1214 1941 1352 1977 tamen
1378 1940 1550 1977 materia
1575 1941 1772 1986 spirituali
1817 1934 1821 1976 ¹,

98 1998 340 2045 intelligibili
350 2001 375 2036 ⁶.
409 1999 528 2035 Unde
552 1999 877 2045 Augustinus.
899 1999 924 2035 I.
940 1999 1096 2036 Contra
1111 2000 1453 2036 Manichaeum72
1476 1999 1608 2044 „Deus
1629 2000 1773 2037 dicitur

97 2058 148 2094 de
185 2058 308 2095 nihilo
343 2058 480 2095 omnia
504 2058 657 2095 fecisse
684 2059 779 2104 quia
805 2059 965 2095 etiamsi
992 2059 1129 2095 omnia
1153 2058 1329 2096 formata
1355 2061 1395 2095 et
1421 2060 1471 2095 de
1498 2059 1577 2096 ista
1602 2059 1773 2096 materia
1818 2103 1825 2111 Q

98 2119 193 2153 sunt
211 2117 331 2159 facta,
357 2119 462 2155 haec
482 2118 573 2164 ipsa
598 2120 735 2155 tamen
764 2119 935 2154 materia
961 2119 1012 2155 de
1040 2119 1165 2154 nihilo
1192 2118 1301 2156 facta
1327 2120 1401 2155 est.
1450 2118 1497 2154 Et
1527 2119 1616 2164 ipse
1651 2119 1772 2156 etiam

97 2175 472 2214 Commentator
497 2177 674 2214 fateturS
700 2178 809 2223 quod
836 2178 961 2214 habet
986 2178 1138 2223 aliquid
1166 2178 1296 2214 simile
1322 2178 1520 2215 materiae
1555 2180 1596 2214 et
1620 2178 1772 2223 aliquid

98 2236 229 2273 simile
248 2236 418 2279 formae,
446 2237 550 2273 sicut
571 2236 667 2274 dicit
692 2237 1035 2282 quemadmodum
1063 2237 1260 2274 sensibile
1289 2247 1384 2274 esse
1412 2237 1602 2274 dividitur
1627 2237 1668 2273 in
1693 2237 1773 2274 for-

99 2304 206 2332 mam
233 2297 274 2332 et
293 2296 517 2338 materiam,
556 2296 615 2332 sic
644 2296 898 2342 intelligibile
926 2305 1021 2332 esse
1050 2297 1213 2341 oportet
1238 2296 1364 2333 dividi
1389 2297 1430 2332 in
1457 2296 1684 2333 consimilia
1709 2297 1770 2332 his

47 2367 80 2393 35
101 2355 272 2397 duobus,
300 2355 457 2392 scilicet
475 2355 627 2400 aliquid
649 2355 779 2391 simile
801 2354 956 2391 formae
985 2356 1026 2391 et
1051 2355 1202 2400 aliquid
1230 2355 1361 2391 simile
1381 2354 1590 2392 materiae.
1628 2355 1676 2391 Et
1695 2356 1772 2391 hoc

237 2450 255 2479 1
282 2447 482 2488 possibilis]
508 2447 538 2480 Β
563 2447 799 2488 impossibilis
904 2447 923 2479 2
951 2447 1107 2486 unibilis‘l
1133 2447 1162 2480 A
1191 2449 1221 2481 (fi
1245 2448 1276 2480 Β
1301 2448 1519 2480 universalis
1624 2448 1643 2480 3
1670 2448 1772 2481 intel-

97 2499 224 2542 ligere]
249 2500 279 2533 A
306 2501 530 2533 intellectus-
606 2501 625 2533 5
653 2500 721 2539 est]
747 2501 778 2533 Β
805 2509 876 2533 om.
974 2501 992 2533 7
1020 2500 1230 2541 generatus]
1257 2501 1289 2533 Β
1314 2509 1496 2542 generans
1557 2500 1771 2540 omnimode]

97 2553 128 2586 B
148 2562 219 2586 om.
317 2554 358 2586 11
385 2553 594 2595 singularis]
613 2554 643 2586 A
668 2553 706 2592 -l-
729 2554 961 2595 singulariter
972 2552 1019 2593 (P)
1118 2554 1159 2586 14
1181 2553 1333 2593 scilicet]
1351 2554 1382 2586 A
1404 2562 1474 2587 om.
1536 2553 1771 2595 singulorum]

98 2606 128 2639 A
144 2607 218 2640 ‹tl-B
238 2607 459 2649 singularum
534 2607 576 2640 18
601 2606 722 2648 igitur]
748 2607 778 2639 A
800 2615 888 2648 ergo
970 2607 1011 2639 19
1038 2606 1253 2646 substantia]
1280 2607 1312 2638 A
1332 2607 1542 2640 substantiis
1621 2607 1664 2639 20
1689 2615 1772 2648 pro-

99 2659 196 2699 fecit]
222 2660 256 2692 A
274 2660 429 2701 perfecit
501 2660 545 2693 29
570 2659 597 2699 I]
621 2660 651 2693 A
674 2668 745 2692 om.
819 2660 861 2692 33
891 2659 1043 2698 formae]
1069 2660 1100 2692 Β
1120 2660 1271 2692 formale
1332 2659 1429 2699 dicit]
1455 2660 1485 2693 B
1505 2660 1595 2692 dixit
1667 2660 1709 2692 34
1736 2661 1772 2692 et

97 2712 300 2753 materiam]
324 2712 355 2746 A
383 2722 454 2761 om.
551 2713 595 2746 35
622 2712 773 2752 formae]
799 2713 830 2746 B
856 2713 1008 2745 formale

238 2796 251 2819 1
278 2798 330 2830 De
355 2797 496 2830 Anima
520 2797 543 2836 Ι,
571 2797 591 2829 4
617 2795 720 2836 (text.
748 2795 817 2836 64).

237 2849 253 2872 ²
277 2850 384 2884 Vide:
419 2850 659 2889 Averroes,
687 2850 738 2882 De
763 2849 905 2882 Anima
929 2849 982 2888 ΙΙΙ,
1011 2849 1029 2881 4
1056 2847 1089 2888 (1
1118 2849 1207 2881 text.
1235 2846 1269 2887 5)
1295 2846 1370 2887 (fol.
1399 2848 1463 2881 142
1475 2847 1515 2887 v).

238 2902 254 2925 ³
278 2903 319 2941 Q.
344 2903 383 2936 Π.
410 2912 444 2944 p.
473 2903 514 2936 12
536 2912 640 2944 seqq.
782 2901 796 2924 4
823 2902 862 2939 Q.
888 2903 911 2935 Ι.
939 2911 972 2943 p.
1002 2903 1019 2934 1
1047 2910 1150 2942 seqq.
1177 2901 1393 2942 praesertim
1418 2910 1502 2942 pag.
1530 2902 1560 2934 5.

239 2963 254 2978 ³
279 2957 332 2989 De
356 2956 498 2989 Anima
522 2957 576 2996 ΙΙΙ,
605 2957 623 2988 4
651 2955 686 2996 (1
713 2957 803 2989 text.
831 2954 876 2995 4).
972 2954 987 2977 ⁶
1011 2955 1104 2988 Vide
1129 2955 1224 2987 infra
1250 2955 1389 2995 quaest.
1415 2954 1519 2987 XXV.

239 3008 253 3031 ⁷
278 3010 330 3042 De
357 3010 444 3042 Gen.
472 3011 604 3043 eontra
628 3009 794 3042 Manich.
820 3009 843 3048 I,
870 3009 890 3041 6
916 3007 987 3048 (PL
1013 3008 1067 3047 34,
1096 3008 1160 3040 178
1186 3017 1220 3040 n.
1248 3006 1316 3047 10).

239 3061 254 3084 8
277 3063 331 3095 De
355 3062 496 3095 Anima
520 3063 573 3102 III,
601 3063 620 3095 4
647 3061 680 3102 (1
708 3063 797 3096 text.
825 3058 860 3104 5)
886 3061 961 3102 (fol.
990 3062 1053 3094 151
1066 3060 1112 3101 v);
1138 3061 1192 3100 ΙΙΙ,
1220 3062 1239 3093 5
1265 3056 1369 3102 (text.
1398 3059 1466 3100 17).

172 3128 285 3157 Beitr.
305 3129 375 3162 ΧΙΧ,
391 3129 444 3162 516.
465 3128 678 3163 Hieronym.
698 3129 936 3163 Spettmann.
963 3128 1112 3155 Johannis
1126 3127 1267 3155 Pechami
1283 3127 1491 3158 Quaestiones.
1634 3126 1652 3159 4

1792 1830 1819 1863 A
1843 1831 1904 1864 fol.
1927 1832 1995 1863 221·
2007 1840 2029 1864 a
