2095 3459
805 187 976 223 Quaestio
1003 189 1118 221 XXXI.
1731 186 1798 222 203

128 282 345 326 qualitatis,
375 284 416 317 ut
442 282 538 318 dicit
564 282 916 328 Philosophus¹
951 286 1056 329 quod
1086 295 1275 321 cursores
1309 286 1506 325 dicuntur,
1533 286 1627 330 quia
1647 287 1799 322 habent

129 341 354 385 potentiam
381 341 459 377 hoc
484 341 605 377 facile
632 341 820 378 faciendi.
870 343 986 379 Ponit
1012 344 1133 379 etlam
1157 345 1387 389 exemplum
1415 345 1464 381 de
1492 345 1591 381 duro
1619 346 1660 381 et
1679 345 1798 387 molli,

131 399 225 445 quia
259 400 403 436 durum
430 400 583 442 dicitur,
621 402 728 446 quod
756 402 880 437 habet
906 403 1128 447 potentiam
1163 413 1243 438 non
1271 403 1349 439 cito
1377 404 1519 440 secari.
1568 403 1627 439 Ex
1654 404 1798 449 quibus

130 459 331 504 exemplis
358 460 482 504 patet,
509 460 604 505 quia
630 461 680 496 de
708 461 936 497 huiusmodi
964 462 1146 506 potentia
1173 462 1366 507 intelligit.
1401 462 1532 498 Primo
1552 463 1672 499 modo
1694 463 1800 499 dicta

93 525 109 549 5
130 518 194 554 est
219 518 403 563 potentia
429 520 717 559 substantialis.
746 522 929 557 secundo
957 522 996 557 et
1022 521 1141 557 tertio
1169 521 1442 557 accidentalis,

270 577 461 614 Similiter
495 579 535 614 in
568 579 704 615 anima
736 580 971 621 dicendum;
1012 580 1105 624 quia
1140 581 1348 625 potentiae
1385 581 1471 616 eius
1510 583 1684 626 possunt
1723 581 1800 617 dici

130 636 195 672 vel
231 636 503 673 instrumenta
538 638 638 678 eius,
674 639 716 674 ut
747 639 1026 685 intelligentia,
1061 640 1268 681 memoria,
1296 641 1336 675 et
1362 641 1561 676 voluntas.
1612 640 1799 677 Secundo

130 696 252 731 modo
280 695 424 731 dicitur
450 698 636 741 potentia
662 697 930 744 syllogizandi
956 699 1140 743 potentia
1165 699 1337 741 animae,
1365 708 1470 744 quae
1498 700 1635 735 tamen
1662 701 1726 735 est
1750 700 1800 735 ab

130 755 269 790 habitu
303 755 568 801 syllogistico.
618 756 754 793 Tertio
787 758 907 793 modo
941 758 1085 794 dicitur
1111 758 1293 802 potentia
1324 758 1484 794 animae
1517 757 1797 804 ingeniositas.

80 820 110 844 ιο
268 813 391 859 Igitur
417 815 457 850 in
485 816 595 851 omni
621 816 849 853 substantia
875 818 1015 853 creata
1040 826 1149 862 pono
1178 817 1487 853 substantialem
1512 816 1738 862 potentiam
1760 818 1800 852 et

130 873 437 916 accidentalem,
473 875 713 911 existimans
753 877 860 921 quod
897 876 1000 912 sicut
1036 876 1228 912 accidens
1267 886 1350 912 non
1389 877 1452 912 est
1488 876 1567 912 nisi
1592 876 1799 912 mediante

131 932 372 974 substantia,
399 933 455 969 ita
480 943 559 970 nec
585 936 778 979 operatur
803 934 882 971 nisi
907 935 1113 971 mediante
1141 945 1200 971 ea.

269 990 317 1027 Et
342 992 421 1028 hoc
454 992 641 1039 intelligit
675 993 1003 1039 Augustinus,
1038 994 1103 1029 lib.
1130 993 1191 1029 IX.
1218 994 1277 1030 De
1309 994 1417 1030 Trin.
1445 985 1531 1039 cap.
1558 995 1623 1030 42:
1662 993 1797 1037 „Mens

131 1059 282 1092 amore,
309 1060 389 1095 quo
411 1060 456 1087 se
476 1053 596 1093 amat,
622 1053 760 1096 potest
785 1062 923 1089 amare
950 1053 1057 1089 aliud
1083 1054 1248 1097 praeter
1273 1063 1330 1088 se.
1380 1053 1480 1089 Item
1500 1062 1583 1088 non
1604 1062 1649 1088 se
1672 1053 1801 1088 solam

80 1120 112 1145 15
132 1109 355 1155 cognoscit,
392 1110 466 1146 sed
500 1110 581 1146 alia
612 1111 748 1147 multa.
800 1111 929 1151 Quam
965 1112 1015 1147 ob
1042 1121 1126 1147 rem
1163 1121 1245 1147 non
1273 1121 1387 1147 amor
1404 1116 1417 1154 Η
1437 1112 1476 1148 et
1501 1111 1678 1157 cognitio
1706 1112 1803 1147 tam·
1824 1118 1886 1149 rol.

132 1177 254 1212 quam
292 1168 476 1204 subiecto
515 1170 638 1205 menti
678 1170 826 1212 insunt,
866 1171 940 1206 sed
980 1170 1301 1206 substantialiter
1326 1170 1448 1206 etiam
1474 1170 1552 1206 ista
1579 1171 1672 1206 sunt
1699 1170 1802 1206 sicut

133 1226 224 1271 ipsa
258 1228 409 1263 mens.“
460 1227 573 1264 Haec
611 1229 739 1264 verba
777 1228 1048 1274 Augustini.
1100 1228 1177 1269 Qui
1214 1229 1309 1266 dicit
1346 1229 1489 1265 eodem
1526 1228 1713 1273 capitulo
1751 1229 1801 1264 de

134 1285 223 1322 istis
261 1286 357 1331 quia
391 1296 473 1323 non
512 1287 651 1323 insunt
677 1287 804 1323 menti
831 1287 934 1323 sicut
960 1288 1072 1323 color
1098 1288 1163 1324 vel
1190 1288 1269 1324 alia
1296 1288 1498 1333 quantitas
1525 1288 1591 1323 vel
1618 1287 1802 1332 qualitas.

133 1345 238 1381 Nihil
276 1345 385 1382 enim
423 1346 504 1382 tale
541 1347 705 1383 excedit
743 1347 980 1388 subiectum,
1015 1347 1056 1382 in
1095 1356 1173 1391 quo
1202 1348 1274 1382 est.
1325 1347 1408 1383 Nec
1438 1346 1612 1382 intendit
1636 1346 1804 1391 Augu-

81 1415 117 1440 20
136 1405 296 1442 stinus
324 1405 462 1442 dicere
490 1406 585 1451 quin
611 1416 726 1442 amor
753 1407 804 1442 sit
830 1407 1033 1447 accidens,
1068 1407 1140 1442 sed
1169 1406 1276 1451 quod
1303 1405 1487 1450 potentia
1518 1405 1695 1441 amativa
1720 1414 1803 1440 non

135 1465 198 1500 est
235 1464 428 1501 accidens
467 1475 545 1501 nec
571 1475 686 1501 amor
711 1465 872 1501 habitus
900 1465 1106 1501 naturalis.
1156 1465 1229 1500 Hic
1255 1466 1393 1500 tamen
1418 1463 1579 1499 habitus
1607 1462 1802 1499 naturalis

135 1524 214 1560 dici
247 1525 394 1569 potest,
434 1524 626 1569 quoniam
662 1534 708 1561 se
743 1525 867 1560 habet
892 1525 943 1560 ad
970 1524 1195 1569 potentiam
1221 1523 1440 1559 amativam
1467 1522 1570 1558 sicut
1596 1521 1722 1557 virtus
1749 1521 1804 1556 vi-

136 1583 225 1619 siva
249 1584 301 1619 ad
329 1583 501 1625 oculum,
527 1593 605 1619 nec
631 1583 767 1619 differt
793 1593 817 1619 a
842 1583 1026 1628 potentia
1051 1583 1238 1624 amativa,
1271 1582 1350 1618 nisi
1377 1581 1480 1617 sicut
1507 1580 1698 1616 differunt
1725 1590 1802 1624 quo

136 1643 201 1678 est
226 1643 267 1678 et
293 1643 401 1687 quod
428 1643 501 1678 est.
552 1642 670 1679 Unde
697 1641 794 1678 nihil
820 1643 931 1679 addit
957 1651 1080 1687 supra
1105 1642 1339 1686 potentiam,
1367 1640 1471 1676 sicut
1496 1649 1574 1675 nec
1600 1639 1711 1675 addit
1737 1639 1805 1674 hu-

83 1708 116 1733 25
136 1701 310 1737 manitas
353 1711 476 1747 supra
518 1701 736 1737 hominem.
797 1701 877 1737 Sed
911 1701 1121 1746 potentiae
1158 1701 1197 1736 et
1234 1700 1326 1735 huic
1364 1699 1494 1734 amori
1531 1697 1703 1734 naturali
1743 1707 1805 1732 su-

134 1760 371 1805 peradditur
396 1768 510 1796 amor
535 1760 758 1805 acquisitus
785 1760 852 1796 vel
884 1759 1060 1801 infusus:
1100 1760 1140 1794 et
1165 1759 1229 1794 hic
1255 1767 1353 1794 vere
1380 1757 1573 1793 accidens
1600 1757 1673 1792 est.
1725 1755 1802 1791 Sed

137 1829 344 1864 nunquam
376 1820 620 1855 extenderet
655 1829 701 1855 se
726 1819 768 1855 in
795 1819 903 1855 aliud
930 1818 1143 1860 obiectum,
1170 1817 1248 1853 nisi
1274 1816 1515 1852 inniteretur
1539 1814 1804 1851 fundamento

137 1878 346 1923 potentiae
372 1878 587 1920 amativae‚
615 1887 720 1923 quae
747 1878 940 1914 accidens
966 1887 1049 1913 non
1076 1878 1149 1913 est.

302 1972 472 2009 Solutio
501 1973 787 2009 obiectorum
812 1971 1118 2017 <quaestionis
1143 1970 1405 2007 tricesimae
1432 1969 1644 2014 primae>.
1808 1970 1857 2006 D.
1873 1969 2014 2005 XXXI.

87 2068 121 2093 30
282 2057 312 2092 1.
348 2056 409 2092 Ad
446 2056 617 2101 primum
653 2055 857 2092 obiectum
888 2055 1152 2097 <dicendum>
1179 2054 1285 2098 quod
1313 2052 1454 2088 auctor
1479 2050 1545 2086 ille
1572 2050 1693 2086 vocat
1718 2058 1807 2093 pro-

139 2115 337 2160 prietates
372 2124 459 2151 non
490 2115 696 2160 potentias
731 2114 843 2159 ipsas
878 2113 1223 2154 instrumentales,
1260 2112 1334 2147 sed
1373 2119 1513 2147 earum
1547 2108 1806 2153 aptitudines.

140 2173 253 2209 Alias
291 2173 368 2209 sibi
400 2173 711 2215 contradiceret,
747 2172 939 2218 quoniam
976 2172 1127 2208 ibidem
1163 2171 1257 2207 dicit
1293 2169 1401 2215 quod
1428 2177 1571 2204 omnes
1598 2166 1806 2212 potentiae

142 2233 237 2268 sunt
261 2242 343 2268 una
368 2232 514 2268 anima.

281 2292 313 2327 2.
351 2291 413 2327 Ad
447 2291 732 2327 auctoritatem
766 2290 986 2336 Hugonis
1022 2290 1145 2335 patet,
1184 2288 1293 2334 quod
1318 2288 1407 2332 ipse
1433 2285 1609 2330 loquitur
1636 2284 1687 2320 de
1714 2283 1809 2319 ima-

89 2368 124 2393 35
142 2350 237 2396 gine
272 2351 428 2386 tantum
463 2360 568 2395 quae
602 2351 665 2386 est
696 2350 738 2386 in
763 2349 978 2391 habitibus,
1016 2350 1056 2385 et
1080 2348 1258 2393 loquitur
1282 2347 1333 2382 de
1359 2344 1562 2381 habitibus
1589 2342 1808 2388 acquisitis.

143 2409 212 2454 qui
237 2410 437 2455 augentur
464 2410 505 2445 et
530 2409 816 2450 diminuuntur,
841 2408 1104 2453 acquiruntur
1131 2407 1171 2442 et
1196 2405 1441 2442 amittuntur.
1479 2403 1597 2439 Unde
1624 2401 1719 2438 dicit
1738 2400 1808 2437 ibi:

285 2514 303 2545 5
331 2512 578 2552 accidentalis]
607 2513 761 2545 additur
785 2513 826 2545 in
851 2512 1024 2551 maryine
1049 2511 1096 2543 ab
1123 2511 1244 2542 altera
1269 2516 1411 2541 manu:
1442 2506 1607 2539 Potentia
1639 2513 1732 2545 quae
1758 2504 1810 2536 sic

144 2567 267 2598 manat
287 2566 332 2598 ab
353 2566 522 2605 essentia,
551 2566 647 2606 quod
666 2566 761 2598 cadit
780 2566 815 2597 in
834 2565 930 2597 aliud
953 2573 1078 2605 genus,
1105 2564 1189 2595 licet
1215 2563 1309 2595 dicat
1334 2560 1548 2601 principium
1574 2558 1809 2598 operativum,

146 2619 315 2651 accidens
342 2619 407 2658 est,
434 2621 472 2651 ut
497 2619 661 2659 potentia
685 2617 932 2656 calefaciendi,
968 2618 1006 2649 ut
1030 2616 1191 2648 nominat
1216 2614 1453 2655 aptitudinem
1478 2619 1623 2651 semper
1648 2610 1809 2642 acciden-

146 2672 265 2705 talem.
363 2672 404 2704 13
432 2671 464 2711 4]
492 2672 511 2704 3
610 2672 650 2704 16
677 2670 799 2710 menti]
826 2670 1051 2702 instrumenti
1125 2669 1231 2701 etiam
1256 2666 1338 2705 ista]
1364 2667 1397 2698 in
1424 2666 1506 2706 ipsa

286 2772 298 2794 1
323 2772 376 2805 De
400 2773 543 2811 Praed„
570 2781 648 2813 cap.
676 2773 728 2805 De
754 2772 877 2813 quali:
905 2770 1033 2810 „Aliud
1057 2777 1145 2801 vero
1172 2777 1287 2810 genus
1315 2765 1497 2807 qualitatis
1524 2765 1589 2803 est,
1617 2763 1811 2795 secundum

148 2826 244 2866 quod
263 2826 501 2866 pugillatores
520 2826 580 2858 vel
599 2834 771 2858 cursores
790 2825 849 2857 vel
869 2823 1034 2856 salubres
1054 2822 1112 2854 vel
1132 2821 1334 2854 insalubres
1354 2819 1519 2851 dicimus:
1548 2817 1583 2849 et
1602 2815 1813 2856 simpliciter

150 2887 400 2919 quaecumque
427 2879 622 2911 secundum
648 2878 847 2919 potentiam
871 2876 1072 2909 naturalem
1098 2875 1157 2906 vel
1182 2873 1431 2914 impotentiam
1456 2870 1619 2902 dicuntur
1718 2868 1813 2908 quod

147 2931 282 2964 habent
306 2931 508 2963 naturalem
534 2931 733 2972 potentiam
753 2956 760 2963 .
777 2956 806 2963 ..
827 2929 934 2962 facile
959 2928 1094 2968 aliquid
1130 2924 1283 2959 facere.“
1332 2923 1544 2963 Exemplum
1579 2922 1621 2954 de
1653 2921 1749 2955 duro
1781 2922 1814 2954 et

148 2984 255 3016 ‘molli
279 2984 422 3016 ibidem.

287 3036 302 3058 2
327 3036 383 3069 PL
409 3037 462 3076 42,
489 3037 554 3069 963
582 3046 614 3068 n.
642 3037 672 3068 5.
