2095 3459
315 189 360 225 46
823 192 997 226 Iohannis
1022 192 1189 227 Pechami
1217 194 1269 231 Qu
1273 193 1466 228 aestiones

455 290 486 325 6.
514 289 613 325 Item
639 289 697 325 De
716 290 1010 326 Ecclesiastzcis
1031 290 1310 334 Doymattbus
1336 301 1422 336 cap
1448 291 1558 327 XIIIl
1584 291 1798 332 <dicitur>:
1824 289 1981 326 animas

317 348 522 384 hominum
550 358 632 384 non
660 358 754 384 esse
781 349 832 384 ab
858 349 971 385 initio
997 349 1103 385 inter
1130 351 1290 386 ceteras
1323 350 1623 386 intellectuales
1660 352 1868 385 creaturas
1903 358 1982 384 nec

318 407 434 442 simul
462 408 621 444 creatas
647 437 653 443 .
676 437 682 443 .
705 437 723 449 .,
751 409 823 444 sed
850 408 1022 444 formato
1050 418 1222 453 corpore
1250 409 1379 445 creari
1406 410 1446 445 et
1472 409 1639 445 infundi.

457 467 489 501 7.
516 466 615 502 Item
634 476 708 511 per
726 467 925 503 rationem
953 467 1031 503 sic:
1060 467 1347 512 Supponantur
1372 468 1411 504 in
1432 468 1643 513 principio
1665 477 1769 513 quae
1790 466 1982 512 supponit

281 525 541 565 seminator
567 526 683 561 huius
711 527 872 567 erroris,
910 527 975 571 qui
1014 527 1128 571 ponit
1162 527 1409 563 intellectum
1447 529 1639 573 agentem
1667 530 1707 563 et
1733 526 2019 572 possibilem-⁹»

40 588 70 621 Β
97 588 157 620 rol.
174 588 266 620 168²*
278 587 297 618 b
319 584 393 624 Qui
413 594 554 629 agens,
573 587 585 626 11
604 586 654 620 ad
675 585 913 630 possibilem
934 595 979 621 se
1001 587 1123 622 habet
1141 588 1155 629 ΙΙ
1173 588 1214 622 ut
1233 586 1302 622 lux
1322 588 1372 622 ad
1394 587 1676 631 diaphanum‘ss.
1728 586 1842 622 Ponit
1862 586 1983 622 etiam

53 647 83 678 A
111 647 172 679 rol.
194 647 264 678 22
276 654 300 677 a
319 644 450 688 ipsum
476 644 723 689 possibilem,
760 654 1003 689 quamquam
1030 655 1110 681 non
1140 646 1460 682 substantialiter
1486 646 1551 681 vel
1576 645 1799 681 formaliter
1824 645 1985 690 corpori

318 703 482 745 unitum,
522 703 596 739 sed
622 705 760 739 tamen
787 704 968 748 copulari
1005 704 1158 740 homini
1195 714 1268 750 per
1306 705 1602 749 phantasmata,
1641 714 1747 749 quae
1772 704 1918 750 recipit
1943 705 1984 740 et

318 762 554 807 recipiendo
582 762 622 797 in
649 762 818 808 singulis
845 763 1009 798 diversa
1035 764 1199 800 diversa
1224 763 1279 800 ibi
1309 764 1495 809 intelligit
1509 766 1533 799 3.
1577 763 1735 799 Etcum
1754 764 1813 800 sic
1834 763 1984 808 aliquid

319 822 412 857 actu
437 821 686 857 intellectum
712 822 937 866 acquisivit,
976 822 1120 858 dicitur
1147 823 1377 859 intellectus
1405 823 1693 867 speculativus.
1730 822 1847 867 quasi
1878 832 1985 859 com·
2006 832 2039 856 10

320 880 476 925 positus
505 889 557 916 ex
583 880 789 916 intellectu
816 881 1002 925 possibili
1039 883 1079 917 et
1120 882 1259 926 specie
1297 882 1576 927 intelligibili4.
1625 881 1673 917 Et
1709 882 1785 917 hac
1825 881 1985 918 ratione

320 939 481 984 species
508 939 768 984 intelligibilis
795 942 1031 976 numeratur
1070 943 1110 976 et
1147 941 1359 985 copulatur
1397 951 1486 977 cum
1525 941 1691 976 homine
1727 940 1886 977 ratione
1924 940 1984 976 sui

295 1000 296 1003 ’
320 998 499 1034 formalis
527 998 682 1034 scilicet
709 999 873 1043 speciei.
900 1009 982 1035 non
1010 1001 1146 1035 autem
1172 1000 1331 1036 ratione
1359 1000 1422 1036 sui
1447 999 1679 1041 materialis,
1707 1000 1814 1044 quod
1842 1002 1905 1035 est
1932 999 1987 1035 in-

320 1057 506 1093 tellectus
533 1057 739 1102 possibilis

457 1116 527 1152 His
555 1117 775 1161 suppositis
811 1117 991 1162 arguitur
1026 1117 1104 1154 sic:
1144 1117 1246 1158 Quia
1284 1118 1317 1154 si
1356 1118 1586 1156 intellectus
1623 1118 1768 1163 recipit
1805 1118 1986 1163 speciem
2008 1132 2039 1156 15

320 1176 495 1220 aliquam
533 1175 572 1211 in
612 1176 689 1211 isto
728 1176 903 1217 homine,
951 1186 1049 1222 ergo
1094 1177 1345 1213 convertitur
1382 1178 1433 1213 ad
1471 1179 1692 1222 receptam.
1751 1176 1857 1223 Ergo
1896 1186 1987 1213 cum

322 1235 494 1279 simplex
521 1235 572 1270 sit
597 1235 838 1275 intellectus,
865 1238 972 1271 totus
999 1236 1258 1272 convertitur.
1307 1235 1412 1282 Ergo
1449 1246 1533 1272 non
1568 1236 1609 1272 in
1643 1237 1722 1272 hoc
1756 1237 1831 1279 <ad
1867 1236 1988 1278 illud>

322 1304 398 1329 nec
425 1294 461 1329 in
490 1294 569 1329 alio
597 1294 713 1330 simul
740 1296 877 1339 potest
903 1295 1088 1331 converti
1113 1295 1165 1331 ad
1203 1295 1322 1331 aliud.
1370 1295 1475 1341 Ergo
1509 1305 1600 1331 cum
1625 1295 1812 1341 intelligit
1836 1295 1986 1341 aliquid

322 1360 358 1394 jn
388 1363 463 1391 me.
490 1363 572 1389 non
598 1354 735 1398 potest
760 1354 989 1399 intelligere
1012 1354 1092 1390 nisi
1115 1354 1224 1390 idem
1250 1354 1289 1390 in
1316 1355 1357 1390 te
1385 1356 1425 1390 et
1450 1364 1534 1390 non
1560 1355 1667 1390 aliud
1678 1357 1703 1390 6.

460 1413 491 1448 8.
518 1412 859 1457 Respondebatur
886 1414 992 1458 quod
1021 1414 1238 1449 conversio
1265 1413 1497 1450 intellectus
1524 1414 1690 1459 passive
1718 1413 1773 1455 fit,
1812 1414 1906 1459 quia
1931 1414 1988 1450 in·
2007 1427 2042 1452 20

322 1471 505 1517 telligere
533 1472 596 1507 est
620 1472 737 1516 pati7.
788 1472 875 1508 Non
904 1474 966 1508 est
992 1473 1128 1508 autem
1155 1473 1465 1514 inconveniens,
1492 1474 1600 1517 quod
1620 1483 1645 1509 a
1669 1473 1842 1509 diversis
1870 1473 1988 1509 simul

322 1531 505 1575 patiatur.

461 1588 630 1626 Contra:
674 1590 777 1626 Nihil
821 1590 1006 1636 intelligit
1043 1590 1122 1626 nisi
1158 1591 1342 1636 perfecte
1380 1591 1626 1627 assimilatur
1665 1593 1705 1627 et
1741 1592 1781 1627 in
1820 1593 1912 1628 actu
1948 1594 1989 1628 et

322 1649 410 1693 ipso
438 1649 676 1694 intelligibili
687 1652 711 1684 ⁸.
751 1649 830 1685 Sed
856 1649 1109 1694 impossibile
1138 1651 1200 1686 est
1226 1651 1333 1695 quod
1361 1651 1535 1695 simplex
1561 1651 1786 1687 secundum
1812 1651 1920 1687 idem
1947 1651 1986 1687 in

323 1708 415 1743 actu
453 1708 567 1744 simul
606 1708 851 1744 assimilatur
889 1709 1074 1745 diversis.
1123 1709 1228 1755 Ergo
1267 1710 1310 1745 ut
1343 1709 1465 1754 prius.
1517 1709 1620 1750 Quia
1644 1709 1896 1754 impossibile
1925 1711 1987 1746 est
2006 1720 2040 1746 25

323 1767 430 1811 quod
458 1767 508 1802 ad
536 1767 650 1812 plura
677 1770 938 1803 convertatur
965 1769 1041 1804 hoc
1068 1769 1200 1809 modo,
1228 1769 1316 1808 sive
1342 1769 1487 1809 active,
1514 1769 1603 1804 sive
1629 1769 1806 1813 passive.

461 1827 492 1861 9.
519 1826 616 1862 Item
645 1826 678 1862 si
704 1828 841 1871 potest
866 1827 1052 1871 recipere
1080 1828 1263 1872 speciem
1286 1837 1408 1864 unam
1434 1828 1474 1864 in
1501 1837 1582 1864 uno
1611 1829 1651 1863 et
1674 1827 1792 1864 aliam
1829 1828 1869 1863 in
1895 1828 1987 1865 alio.

324 1894 420 1930 ergo
447 1886 586 1930 potest
610 1885 796 1930 recipere
824 1886 986 1930 species
1014 1886 1194 1922 infinitas
1222 1887 1338 1923 simul
1367 1888 1546 1923 easdem.
1597 1886 1676 1922 Sed
1711 1887 1806 1923 dicit
1832 1887 1988 1923 Philo-

323 1945 536 1989 sophus⁹
568 1945 675 1989 quod
703 1944 737 1980 si
763 1945 842 1980 duo
871 1954 1044 1990 corpora
1070 1947 1241 1990 possunt
1268 1955 1361 1982 esse
1387 1946 1427 1982 in
1456 1947 1601 1982 eodem
1628 1946 1731 1985 loeo.
1771 1948 1810 1982 et
1848 1946 1923 1982 tria
1949 1947 1989 1982 et

324 2004 467 2039 eadem
492 2003 651 2039 ratione
678 2003 845 2040 infinita.
2004 2016 2039 2041 30

462 2064 515 2099 10.
551 2062 770 2099 Dicebatur
808 2064 916 2108 quod
947 2074 1029 2100 non
1070 2066 1132 2100 est
1170 2064 1479 2101 inconveniens.
1530 2065 1718 2110 Intelligit
1755 2065 1862 2101 enim
1888 2065 1988 2101 reci-

322 2122 484 2166 piendo.
534 2122 622 2158 Non
651 2123 713 2158 est
739 2124 875 2159 autem
902 2123 1199 2159 inconveniens
1229 2126 1269 2159 ut
1295 2124 1426 2168 possit
1450 2124 1635 2169 recipere
1662 2125 1713 2160 ab
1739 2124 1917 2161 infinitis.

462 2180 633 2217 Contra:
672 2181 902 2228 Intelligere
929 2192 1011 2218 non
1039 2184 1102 2218 est
1127 2185 1282 2219 tantum
1307 2183 1391 2228 pati
1426 2184 1499 2219 sed
1531 2192 1668 2229 agere.
1707 2183 1854 2228 patitur
1880 2184 1986 2220 enim

322 2240 558 2284 recipiendo
586 2240 766 2285 speciem
803 2242 843 2277 et
877 2241 960 2286 agit
986 2243 1266 2278 convertendo
1294 2251 1339 2278 se
1367 2252 1490 2287 supra
1521 2252 1605 2278 rem
1646 2252 1718 2287 per
1755 2243 1986 2287 speciemw.

462 2339 480 2371 2
508 2339 553 2371 ab
574 2338 686 2378 initio]
716 2339 745 2370 A
768 2347 838 2371 om.
911 2338 1111 2378 creaturas]
1136 2340 1167 2372 Β
1190 2339 1227 2377 -l—
1251 2341 1348 2372 sffias
1397 2340 1416 2372 3
1444 2339 1561 2379 simul]
1586 2340 1617 2372 Β
1643 2340 1806 2372 similiter
1877 2340 1896 2372 4
1922 2349 1989 2380 per

322 2392 499 2424 rationem
525 2391 590 2430 sic]
629 2392 660 2424 Β
685 2401 752 2432 per
771 2392 865 2424 idem
886 2392 926 2424 fit
993 2392 1261 2433 Supponantur]
1298 2393 1329 2426 B
1361 2394 1586 2434 supponatur
1681 2394 1700 2426 6
1727 2393 1847 2432 etiam]
1885 2394 1916 2426 B
1953 2395 1989 2426 et

324 2445 365 2477 10
392 2444 650 2485 speculativus]
688 2446 714 2477 Β
744 2444 781 2483 —l-
810 2446 949 2477 activus
1040 2446 1080 2477 11
1109 2445 1286 2486 possibili]
1320 2446 1351 2478 B
1376 2446 1597 2486 passibiliter
1692 2447 1732 2479 12
1769 2447 1912 2487 species
1938 2447 1988 2479 in-

322 2497 531 2539 telligibilis]
569 2498 597 2530 A
626 2507 696 2531 om.
795 2498 836 2530 16
863 2498 943 2537 isto]
981 2499 1012 2530 Β
1037 2499 1098 2531 1110
1196 2500 1235 2531 17
1264 2499 1309 2532 ad
1333 2498 1432 2538 illud]
1468 2500 1499 2532 B
1526 2508 1596 2532 om.
1703 2500 1744 2532 18
1771 2499 1819 2538 in]
1857 2499 1887 2531 Α
1915 2509 1986 2532 om.

323 2550 438 2589 simul]
476 2552 507 2583 B
544 2551 706 2584 similiter
810 2551 956 2592 aliquid]
995 2552 1025 2584 Β
1064 2553 1147 2592 quid
1267 2553 1309 2585 20
1345 2552 1659 2593 Respondebatur]
1702 2553 1733 2585 Β
1770 2553 1987 2593 Respondeo

324 2605 364 2636 21
392 2603 509 2642 simul]
547 2605 577 2636 Β
603 2605 766 2637 similiter
885 2605 926 2637 23
953 2607 1035 2638 actu
1062 2605 1108 2644 etl
1150 2605 1178 2636 B
1204 2605 1241 2643 -l-
1277 2606 1312 2638 in
1408 2606 1449 2638 24
1477 2605 1544 2644 est]
1583 2605 1615 2637 B
1641 2614 1711 2638 om.
1809 2606 1850 2638 25
1884 2605 1986 2645 Quia]

322 2656 350 2689 A
384 2657 489 2697 quod,
522 2657 553 2689 Β
576 2665 645 2689 om.
744 2659 786 2690 27
820 2657 904 2697 alio]
936 2666 1006 2690 uno
1097 2658 1232 2691 31—32
1265 2658 1433 2699 Intelligit
1452 2659 1546 2690 enim
1573 2659 1793 2699 recipiendo.
1834 2658 1912 2691 Non
1932 2659 1988 2691 est

323 2711 442 2742 autem
461 2710 732 2749 inconveniens]
761 2712 789 2742 Β
814 2711 1019 2752 Intelligere
1035 2728 1076 2732 —-
1091 2711 1349 2744 Inconveniens
1379 2720 1460 2749 om„
1482 2712 1567 2744 add.
1595 2713 1682 2744 ante
1707 2713 1744 2744 ut
1769 2712 1900 2752 possit:
1927 2713 1988 2744 aut

323 2763 365 2795 32
399 2762 527 2803 possit]
561 2762 591 2794 A
618 2763 765 2803 possitis
862 2764 902 2796 34
936 2772 976 2796 se
1003 2772 1113 2804 supra
1139 2773 1213 2796 rem
1242 2773 1307 2804 per
1332 2764 1504 2804 speciem]
1543 2765 1572 2797 Β
1604 2773 1647 2797 eo
1683 2773 1794 2805 super
1827 2765 1986 2804 speciem

323 2824 389 2855 per
413 2825 488 2848 rem

461 2908 473 2931 1
499 2919 528 2943 c.
558 2911 599 2943 14
625 2909 695 2949 (PL
716 2910 769 2950 58,
791 2911 855 2943 994
872 2912 907 2943 et
923 2911 1036 2950 1026).
1138 2910 1152 2932 2
1178 2911 1229 2943 De
1252 2911 1392 2943 Anima
1416 2912 1469 2950 ΙΙΙ,
1490 2912 1509 2943 4
1537 2912 1582 2950 (1,
1603 2912 1689 2944 text.
1715 2910 1750 2951 5)
1777 2906 1850 2953 (fol.
1874 2910 1986 2950 152r).

322 2961 337 2984 3
356 2963 408 2995 De
419 2963 559 2995 Anima
577 2963 615 3002 II,
631 2964 649 2995 4
666 2960 767 3005 (text.
784 2963 859 3003 32);
874 2964 912 3003 11,
929 2964 947 2996 3
963 2962 1065 3002 (text.
1081 2963 1150 3003 21).
1222 2963 1235 2985 ⁴
1255 2964 1306 2996 De
1316 2964 1454 2997 Anima
1468 2965 1520 3004 ΙΙΙ,
1536 2965 1555 2997 4
1568 2963 1613 3004 (1,
1629 2965 1716 2997 text.
1733 2963 1855 3003 5)(101.
1873 2964 1937 2996 140
1951 2962 1985 3004 f).

322 3016 336 3037 ἵ)
363 3016 502 3048 Ibidem
517 3015 591 3055 (fol.
609 3016 673 3049 146
684 3015 724 3056 v).
819 3016 834 3038 6
858 3017 1001 3049 Ibidem
1020 3015 1094 3056 (fol.
1118 3017 1181 3049 142
1195 3013 1231 3059 Γ).
1326 3016 1340 3038 7
1366 3018 1507 3050 Ibidem
1526 3016 1628 3057 (text.
1644 3016 1690 3057 2).
1785 3017 1800 3038 ⁸
1824 3017 1986 3058 Metaph.

270 3092 273 3095 Α
322 3069 376 3107 XI,
394 3070 412 3101 7
428 3065 514 3111 (XII,
529 3070 616 3101 text.
633 3068 701 3108 39).
797 3068 811 3091 9
829 3069 937 3109 Phys.
952 3069 1009 3109 IV,
1025 3069 1044 3101 6
1059 3068 1111 3109 (8)
1126 3068 1227 3108 (text.
1245 3068 1312 3108 53).
1410 3069 1438 3091 ¹⁰
1458 3071 1508 3103 De
1520 3070 1658 3103 Anima
1673 3070 1725 3109 ΙΙΙ,
1742 3070 1760 3102 4
1776 3069 1821 3110 (1,
1837 3071 1923 3102 text.
1940 3069 1985 3109 2).
