2095 3459
103 2520 164 2552 rol.
183 2520 226 2552 34
233 2523 251 2543 v
262 2520 283 2552 b

322 183 389 219 158
829 184 1004 216 ‚Iohannis
1028 183 1197 216 Pechami
1223 183 1474 220 Quaestiones.

318 283 449 318 torum
475 282 583 320 lucet
609 281 686 316 nisi
711 280 828 326 ignis,
854 289 931 316 nec
966 279 1087 315 etiam
1116 279 1386 324 perspicuitas
1422 279 1676 315 condensata
1710 278 1869 315 videtur
1899 288 1982 315 non

317 342 357 377 in
383 341 473 376 luce
501 340 669 376 caelesti
695 339 760 375 vel
786 339 917 384 ignea,
943 340 985 374 ut
1012 339 1124 383 patet
1150 338 1190 374 in
1216 339 1313 374 aere
1339 338 1405 373 vel
1430 347 1538 382 aqua
1557 338 1779 379 condensa,
1805 346 1980 373 necesse

319 400 392 441 est,
417 399 460 434 ut
487 398 617 434 omnis
644 398 734 434 talis
760 397 1004 443 refulgentia
1031 407 1083 433 ex
1109 397 1243 441 aliqua
1268 396 1415 432 virtute
1442 396 1564 442 ignea
1588 396 1813 441 proveniat.
1862 395 1980 432 Unde

317 457 538 494 notandum
573 458 636 493 est
669 457 805 502 plures
841 456 1075 501 sanctorum
1110 455 1245 491 dicere
1281 464 1454 499 corpora
1489 454 1686 490 caelestia
1712 464 1805 490 esse
1831 454 1980 500 igneae

317 516 486 552 virtutis.

454 577 486 611 5.
513 574 576 610 Ad
603 574 784 619 quintum
811 573 1027 610 dicendum
1054 573 1174 618 quod,
1202 582 1292 608 cum
1324 572 1420 608 dicit
1445 572 1554 617 quod
1580 572 1669 617 plus
1697 571 1889 608 differunt
1914 572 1984 608 lux

317 636 357 671 et
383 634 495 670 color
521 643 641 678 quam
679 634 783 669 duae
819 632 981 677 species
1016 632 1176 671 coloris,
1209 631 1424 667 dicendum
1463 632 1571 675 quod
1598 631 1743 667 divisio
1771 631 1985 667 cuiuslibet

315 693 479 739 generis
506 692 645 737 incipit
670 693 721 728 ab
756 701 836 728 uno
869 691 892 727 i.
920 700 953 727 e.
980 691 1031 727 ab
1058 690 1213 726 unitate
1239 690 1403 736 generis
1431 691 1471 726 et
1502 690 1741 726 terminatur
1767 689 1819 725 ad
1845 690 1984 725 univo-

317 752 530 793 cationem,
558 761 662 796 quae
690 751 753 786 est
778 750 818 786 in
846 749 985 795 specie
1013 749 1319 794 specialissima.
1368 748 1511 784 Unitas
1538 749 1704 794 generis
1738 749 1800 784 est
1827 757 1982 784 summe

316 812 474 847 remota
500 811 551 846 ab
578 810 671 846 actu
706 809 921 854 completo,
956 807 1191 844 univocatio
1228 807 1414 843 consistit
1448 807 1489 843 in
1525 807 1823 852 perfectissimo
1851 808 2036 843 actul.10

315 870 361 905 Et
381 869 475 914 quia
494 870 609 905 actus
632 868 807 909 dividit2,
826 867 919 903 ideo
936 867 1087 911 quanto
1102 866 1264 911 aliquae
1279 865 1535 902 differentiae
1557 866 1651 901 sunt
1670 866 1982 911 propinquiores

315 928 602 969 un1vocationi,
628 928 741 963 tanto
767 927 900 962 minus
938 935 983 962 se
1017 925 1315 970 compatiuntur
1340 924 1381 960 in
1407 934 1501 960 uno.
1551 924 1679 966 Unde,
1713 934 1803 961 cum
1834 934 1982 969 corpus

315 987 536 1023 animatum
562 988 602 1022 et
627 985 892 1023 inanimatum
927 994 1010 1020 non
1047 984 1347 1028 compatiuntur
1373 993 1419 1019 se
1445 983 1487 1019 in
1513 993 1594 1019 uno
1622 983 1819 1025 subiecto,
1845 984 1982 1019 tamen

316 1045 528 1091 corporale
556 1046 596 1081 et
622 1044 829 1089 spirituale
869 1044 909 1079 in
948 1053 1028 1079 uno
1068 1052 1114 1079 se
1152 1042 1461 1088 compatiuntur.
1512 1042 1624 1083 Quae
1662 1043 1799 1078 tamen
1837 1042 1982 1078 divisio

316 1104 569 1141 substantiae
596 1103 814 1149 spiritualis
842 1103 882 1138 et
908 1102 1132 1147 corporalis
1160 1102 1223 1137 est
1247 1101 1518 1138 immediatior
1549 1102 1691 1147 generi
1717 1101 1980 1137 substantiae.
2003 1110 2035 1134 15

316 1163 414 1199 Dico
441 1163 562 1209 igitur
587 1163 694 1207 quod
727 1162 877 1206 quanto
910 1161 1072 1206 aliquae
1108 1160 1212 1196 duae
1251 1160 1508 1196 differentiae
1544 1161 1674 1206 magis
1708 1160 1906 1196 recedunt
1930 1161 1981 1196 ab

315 1221 601 1259 univocatione
629 1221 794 1266 speciei,
821 1220 933 1256 tanto
960 1219 1089 1265 magis
1110 1228 1155 1255 se
1176 1220 1349 1264 possunt
1369 1219 1545 1264 compati
1564 1219 1601 1254 in
1625 1220 1782 1255 eodem.
1817 1219 1980 1255 Multum

316 1281 423 1317 enim
449 1280 639 1317 differunt
664 1289 786 1315 unum
814 1280 854 1315 et
879 1278 1107 1314 univocum.
1156 1277 1273 1313 Unde
1301 1287 1405 1322 quae
1426 1278 1554 1323 magis
1576 1277 1766 1314 differunt
1790 1278 1981 1322 respectu

315 1339 625 1380 univocationis,
652 1338 780 1383 magis
808 1337 1059 1373 conveniunt
1084 1337 1276 1381 respectu
1301 1336 1478 1372 unitatis.
1528 1336 1645 1372 Unde
1672 1336 1808 1372 omnia
1827 1346 1976 1372 novem

314 1408 478 1444 genera,
505 1407 609 1443 quae
636 1397 813 1433 invicem
838 1396 991 1432 liabent
1015 1395 1234 1431 maximam
1260 1395 1590 1440 disparationem,
1616 1395 1808 1431 uniuntur
1833 1395 1873 1431 in
1900 1405 1981 1431 una
1999 1409 2033 1434 ρο

315 1457 542 1493 substantia
567 1455 784 1492 individua.
833 1454 880 1491 Et
904 1455 999 1491 ideo
1026 1463 1109 1490 non
1135 1454 1271 1490 obstat
1297 1453 1529 1498 disparatio,
1557 1454 1653 1499 quin
1678 1456 1824 1490 natura
1845 1454 1981 1489 divina

315 1517 355 1552 et
380 1517 556 1552 humana
581 1515 740 1560 possint
767 1513 989 1550 convenire
1015 1513 1056 1548 in
1082 1522 1164 1548 una
1189 1522 1379 1557 persona.

452 1575 483 1610 6.
510 1574 572 1610 Ad
605 1574 767 1610 sextum
816 1573 1032 1609 dicendum
1071 1572 1179 1616 quod
1216 1571 1285 1607 illa
1322 1581 1495 1616 corpora
1530 1572 1648 1608 erunt
1685 1572 1902 1617 perspicua
1940 1573 1979 1608 et

313 1633 616 1678 transparentia
641 1642 723 1668 non
744 1631 1034 1677 perspicuitate
1055 1630 1239 1672 naturali,
1261 1630 1355 1675 quia
1375 1631 1530 1666 tantum
1550 1631 1715 1666 habebit
1735 1632 1785 1667 de
1807 1631 1979 1667 materia

314 1702 461 1737 corpus
489 1691 710 1737 gloriosum
737 1691 840 1727 sicut
866 1700 948 1726 non
973 1689 1208 1735 gloriosum,
1235 1698 1382 1734 corpus
1411 1689 1518 1725 enim
1544 1689 1782 1726 naturaliter
1807 1699 1975 1735 parvum
1997 1703 2030 1727 25

314 1752 387 1792 est,
414 1751 523 1795 quod
549 1759 690 1795 parum
717 1750 840 1785 habet
866 1749 917 1785 de
943 1748 1125 1789 materia,
1153 1770 1195 1773 —
1217 1748 1291 1783 sed
1315 1749 1432 1783 erunt
1450 1748 1668 1793 perspicua
1686 1748 1977 1793 perspicuitate

314 1809 621 1855 supernaturali,
648 1817 754 1853 quae
780 1817 862 1844 non
888 1808 1089 1853 repugnat
1128 1806 1307 1842 claritati.
1356 1805 1404 1842 Et
1429 1807 1533 1842 sicut
1567 1807 1702 1851 paries
1737 1808 1800 1843 est
1825 1808 1978 1852 perspi-

313 1878 411 1904 cuus
437 1867 546 1913 lynci
572 1869 612 1904 et
637 1877 720 1903 non
745 1866 907 1908 homini,
945 1866 1000 1902 ita
1033 1865 1138 1901 forte
1173 1865 1240 1901 illa
1275 1874 1448 1910 corpora
1475 1866 1591 1902 erunt
1616 1866 1833 1910 perspicua
1859 1866 1975 1902 oculo

312 1927 488 1973 glorioso
517 1927 557 1962 et
591 1936 671 1962 non
706 1926 823 1962 oculo
859 1935 941 1961 non
976 1924 1168 1970 glorioso,
1206 1923 1284 1959 etsi
1314 1924 1385 1959 lux
1418 1924 1484 1960 vel
1521 1924 1683 1960 claritas
1721 1925 1901 1970 gloriosa
1938 1925 1976 1961 ei

313 1987 423 2022 esset
448 1985 680 2021 tolerabilis.
723 1984 891 2020 Videtur
927 1984 1065 2019 tamen
1099 1983 1244 2018 beatus
1271 1982 1573 2028 Augustinus
1611 1983 1748 2019 dicere
1775 1985 1882 2028 quod
1908 1984 1975 2020 illa
1993 1995 2027 2019 30

312 2053 484 2089 corpora
509 2044 728 2080 ostendent
753 2043 893 2079 intima
913 2051 987 2078 sua
1006 2051 1088 2077 non
1108 2050 1181 2086 per
1200 2041 1387 2077 naturam
1407 2041 1730 2086 diaphaneitatis,
1752 2043 1824 2078 sed
1845 2042 1973 2088 magis

310 2112 385 2147 per
409 2103 595 2139 naturam
621 2101 919 2147 unigeneitatis‚
955 2110 1034 2145 qua
1054 2100 1194 2136 intima
1221 2100 1261 2135 in
1291 2099 1507 2144 superficie
1529 2100 1681 2136 extima
1705 2100 1973 2146 refulgebunt.

311 2153 427 2197 Unde
455 2161 550 2197 dicit
575 2161 680 2205 ipse
718 2160 768 2196 II.
794 2160 931 2204 Super
968 2158 1159 2195 Genesim
1197 2160 1343 2193 contra
1368 2158 1705 2195 Manichaeum3:
1745 2159 1905 2204 „Neque
1932 2159 1973 2195 in

310 2220 386 2255 illis
414 2219 650 2264 corporibus
678 2219 924 2255 caelestibus
947 2217 1005 2254 sic
1030 2218 1157 2253 latere
1178 2226 1303 2262 posse
1329 2217 1599 2262 cogitationes
1627 2218 1875 2253 credendum
1897 2219 1970 2260 est,

311 2278 650 2324 quemadmodum
676 2278 716 2313 in
742 2277 803 2313 his
831 2277 1069 2321 corporibus
1095 2276 1233 2312 latent.
1285 2275 1366 2312 Sed
1392 2275 1495 2311 sicut
1520 2276 1703 2312 nonnulli
1729 2277 1860 2312 motus
1887 2276 1970 2312 ani·
1991 2287 2024 2311 35

310 2346 466 2374 morum
490 2338 691 2382 apparent
715 2337 755 2372 in
780 2336 892 2372 vultu
920 2336 959 2371 et
984 2334 1160 2370 maxime
1186 2334 1227 2369 in
1254 2334 1393 2375 oculis,
1426 2334 1483 2370 sic
1514 2334 1556 2370 in
1587 2334 1655 2371 illa
1679 2335 1969 2380 perspicuitate

310 2406 358 2432 ac
385 2395 622 2432 caelestium
647 2404 862 2440 corporum
889 2393 1145 2438 simplicitate
1173 2402 1315 2428 omnes
1343 2392 1507 2429 omnino
1533 2393 1657 2429 animi
1683 2394 1814 2429 motus
1840 2393 1968 2430 latere

310 2464 392 2490 non
417 2454 622 2490 arbitror.“
673 2453 784 2489 Haec
810 2452 1131 2498 Augustinus.
1183 2451 1258 2491 Qui
1285 2451 1406 2487 etiam
1433 2451 1528 2487 dicit
1553 2452 1612 2487 De
1637 2452 1809 2488 Civitate
1834 2452 1969 2494 XXIL,

308 2522 394 2558 cap.
421 2514 486 2548 284
515 2513 621 2558 quod
647 2512 776 2548 Deum
801 2511 950 2557 ubique
968 2513 981 2553 Η
999 2511 1261 2555 praesentem
1280 2509 1507 2546 videbimus
1529 2510 1656 2546 oculis
1678 2511 1967 2555 corporalibus,

311 2572 413 2608 sicut
449 2571 572 2607 vitam
609 2572 825 2607 humanam
860 2570 1044 2607 videmus
1082 2578 1157 2614 per
1194 2568 1421 2604 exteriores
1459 2569 1591 2604 motus
1629 2569 1966 2614 transparentiae.
1986 2579 2021 2604 4ο

447 2669 465 2701 2
492 2667 687 2707 condensa]
721 2668 948 2701 condensans
1092 2667 1110 2698 5
1137 2665 1291 2705 virtutis]
1328 2666 1459 2698 virtute
1601 2667 1620 2698 9
1647 2666 1796 2706 summe]
1829 2675 1967 2699 summa

312 2723 350 2754 11
380 2721 525 2762 quanto]
552 2721 694 2762 quando
779 2721 821 2753 24
848 2718 1014 2758 naturali]
1040 2719 1234 2751 universali
1324 2719 1364 2751 31
1393 2718 1686 2759 diaphaneitatis]
1712 2720 1965 2760 diaphonitatis

447 2815 459 2837 1
486 2816 555 2848 Cir.
580 2815 868 2856 Porphyrius,
894 2814 946 2846 De
971 2813 1196 2851 Praedicab„
1223 2821 1301 2853 cap.
1327 2813 1380 2844 De
1405 2812 1537 2853 Specie.

445 2867 460 2890 2
486 2868 555 2901 Cir.
582 2868 724 2908 Arist„
756 2867 918 2908 Metaph.
944 2866 998 2906 111,
1026 2867 1061 2905 5;
1097 2866 1182 2906 VIII,
1211 2867 1246 2905 1;
1281 2866 1335 2905 XI,
1363 2866 1381 2898 2
1420 2864 1490 2904 (IV,
1517 2867 1604 2898 text.
1633 2867 1691 2905 2ος
1730 2866 1783 2904 IX,
1811 2867 1897 2899 text.
1927 2867 1962 2905 13

308 2922 376 2960 XII,
403 2922 490 2954 text.
519 2920 564 2960 8).

444 2972 458 2995 3
483 2973 521 3012 II,
549 2974 589 3006 21
618 2971 687 3012 [PL
713 2973 859 3012 34‚·213
885 2981 917 3005 n.
945 2970 1014 3011 32).

444 3025 458 3047 4
482 3026 582 3064 XXII,
610 3025 652 3058 29
678 3024 759 3066 (per
783 3026 904 3063 totum,
931 3024 1145 3064 praesertim
1171 3033 1202 3056 n.
1231 3022 1264 3062 5)
1292 3019 1361 3064 (PL
1388 3023 1440 3061 41,
1470 3023 1534 3055 796
1561 3023 1636 3062 ss).
