2095 3459
297 183 340 218 24
803 184 978 216 tIohannis
1005 183 1171 216 Pechami
1198 183 1447 220 Quaestiones.

298 281 371 325 „Ut
397 281 497 318 deos
526 291 621 317 esse
648 282 792 317 natura
819 280 1031 325 opinamur
1064 280 1289 324 qualesque
1328 280 1418 321 sint,
1456 280 1614 316 ratione
1653 281 1958 326 cognoscimus;

277 341 355 393 usic
382 349 625 385 permanere
651 340 808 376 ammas
836 339 1078 376 arbitramur
1104 348 1312 375 consensu
1338 339 1548 375 nationum
1575 339 1785 375 omnium.“

888 445 1056 481 Solutio
1086 445 1382 481 obiectorum.

437 530 466 564 1.
495 529 556 565 Ad
582 529 752 573 primum
775 538 872 574 ergo
900 528 1118 564 dicendum
1146 529 1209 564 est
1235 529 1342 572 quod
1369 528 1648 563 immortalitas
1671 527 1814 563 dicitur
1833 527 1959 563 tribus

298 588 447 624 modis:
478 598 558 624 uno
586 588 706 624 modo
733 588 973 633 largissime,
1001 587 1226 623 secundum
1253 587 1360 631 quod
1389 587 1552 623 excedit
1578 596 1741 622 omnem
1767 586 1962 622 mutabili·
1980 589 1996 614 5

297 648 432 687 tatem,
470 648 510 682 et
536 647 762 683 naturalem
789 648 829 683 et
855 646 1219 691 supernaturalem,
1253 646 1563 681 substantialem
1591 646 1630 681 et
1655 645 1961 681 accidentalem.

299 705 408 742 Sicut
442 706 496 742 ibi
531 706 595 742 Ad
635 706 733 742 Tim.
761 705 822 747 VI,
850 705 945 751 (16):
984 705 1082 749 „Qui
1110 705 1220 741 solus
1248 705 1372 740 habet
1398 704 1738 740 immortalitatem
1766 704 1806 740 et
1830 704 1963 739 lucem

298 765 452 801 habitat
489 765 875 801 inaccessibilem“1.
935 764 1023 800 Alio
1063 764 1183 800 modo
1224 764 1393 799 sumitur
1430 763 1552 808 large,
1592 763 1816 798 secundum
1855 762 1962 807 quod

299 824 461 860 excedit
488 824 732 864 versionem,
772 834 854 860 non
881 823 1194 863 vertibilitatem‚
1234 833 1315 858 non
1356 822 1475 858 etiam
1511 822 1806 858 accidentalem
1838 822 1962 857 muta-

298 883 450 919 tionem
489 884 554 919 vel
593 883 819 919 naturalem
860 871 1180 918 substafftialem.
1230 880 1277 917 Et
1316 881 1374 917 sic
1412 881 1607 925 accipitur
1645 880 1685 915 in
1724 879 2016 916 definitionem

297 942 442 988 angeli.
471 942 564 987 quia
591 952 672 978 non
699 942 823 977 habet
848 951 872 977 a
899 943 1043 977 natura
1070 951 1144 977 sua
1170 941 1276 985 quod
1305 942 1435 982 <n0n>
1461 941 1652 977 vertatur.
1680 939 1753 975 sed
1780 948 1804 975 a
1826 948 1963 974 manu-

298 1001 434 1037 tentia.
484 1001 541 1036 Ibi
581 1010 678 1046 ergo
717 1000 998 1036 immortalitas
1037 1000 1233 1044 accipitur
1272 1000 1497 1035 secundum
1536 999 1642 1043 quod
1672 997 1850 1034 excludit
1877 1007 1963 1033 ver-

298 1060 467 1099 sionem,
507 1070 589 1096 non
628 1061 764 1096 autem
804 1060 1029 1096 secundum
1068 1059 1175 1103 quod
1204 1058 1367 1094 excedit
1393 1057 1696 1103 corruptionem
1722 1066 1795 1101 per
1821 1056 1964 1101 princi—

297 1119 454 1164 piorum
480 1119 785 1160 resolutionem,
827 1128 932 1163 quae
959 1118 1122 1163 proprie
1151 1119 1213 1153 est
1239 1117 1530 1153 immortalitas.
1582 1116 1692 1152 Sicut
1718 1116 1813 1152 dicit
1838 1116 1906 1160 Ap
1919 1125 1964 1151 o-

299 1178 461 1214 stolus
477 1178 523 1223 (Ι)
538 1178 627 1214 Cor.
644 1179 696 1219 15,
712 1177 788 1222 (54)
799 1187 810 1213 .·
832 1177 951 1221 „Cum
972 1178 1107 1213 autem
1130 1176 1299 1212 mortale
1321 1177 1398 1212 hoc
1416 1176 1593 1212 induerit
1612 1175 1963 1216 immortalitatem,
1986 1178 2017 1203 15

297 1239 392 1273 tunc
416 1237 489 1273 fiet
516 1246 650 1273 sermo
678 1237 745 1281 qui
772 1236 946 1281 scriptus
976 1238 1038 1272 est
1065 1236 1168 1272 etc.“'
1212 1235 1282 1271 Est
1307 1235 1427 1281 igitur
1454 1245 1506 1271 ex
1533 1236 1678 1271 natura
1711 1244 1784 1270 sua
1809 1233 1963 1270 vertilis

298 1306 370 1341 per
396 1296 740 1333 adnihilationem,
780 1305 862 1331 non
890 1297 1025 1331 autem
1054 1295 1234 1331 mortalis
1262 1305 1335 1340 per
1360 1295 1665 1333 resolutionem,
1706 1294 1777 1329 sed
1806 1294 1964 1329 natura-

298 1355 388 1391 liter
413 1355 670 1397 immortalis;
703 1355 768 1390 vel
794 1354 1076 1390 immortalitas
1104 1355 1267 1399 proprie
1294 1354 1538 1400 intelligitur.

436 1414 574 1451 Potest
599 1414 853 1459 responderi,
881 1415 922 1449 ut
947 1413 1019 1449 fiat
1046 1423 1181 1449 sermo
1207 1413 1273 1449 vel
1294 1413 1355 1449 vis
1386 1413 1426 1449 in
1447 1415 1597 1449 verbo:
1625 1412 1964 1448 immortalitatem

298 1473 605 1518 suscipiens,
645 1483 727 1509 non
767 1472 862 1509 dicit
899 1472 1243 1509 immortalitatem
1281 1473 1481 1508 habens.
1531 1471 1590 1507 Ex
1625 1473 1770 1507 natura
1802 1471 1965 1516 quidem
1985 1479 2018 1504 20

298 1534 421 1569 habet
446 1542 587 1568 veram
612 1532 967 1573 immortalitatem,
995 1541 1115 1577 quam
1145 1532 1282 1568 tamen
1310 1541 1362 1567 ex
1389 1533 1534 1567 natura
1560 1541 1642 1567 non
1671 1531 1862 1568 obtineat.
1891 1530 1964 1566 sed

299 1602 351 1631 ex
378 1591 586 1628 creatione
612 1591 786 1637 gratuita
796 1594 821 1627 2.

437 1652 468 1686 2.
496 1651 555 1686 Ad
579 1651 814 1693 secundum,
837 1652 944 1695 quod
960 1650 1292 1686 Damascenus
1319 1650 1504 1695 loquitur,
1520 1650 1803 1692 <dicendum>t
1828 1648 1966 1685 finitur

298 1720 370 1756 per
397 1711 593 1751 naturam,
620 1710 659 1745 in
687 1711 880 1754 quantum
907 1710 946 1745 in
975 1719 1020 1745 se
1048 1711 1121 1751 est,
1149 1709 1227 1745 nisi
1254 1710 1567 1748 manuteneatur
1593 1709 1795 1745 divinitus.

436 1770 468 1805 3.
495 1767 556 1805 Ad
583 1769 744 1805 tertium
772 1769 989 1805 dicendum
1016 1769 1124 1814 quod
1152 1768 1256 1804 sicut
1282 1769 1322 1804 in
1349 1769 1415 1804 illo
1442 1769 1695 1814 argumento,
1726 1768 1829 1804 sicut
1854 1768 1967 1812 patet
1985 1775 2018 1800 25

300 1838 351 1864 ex
377 1828 716 1864 antecedentibus
746 1829 785 1863 et
812 1828 1173 1873 consequentibus.
1223 1828 1334 1864 Idem
1361 1829 1498 1864 tamen
1526 1828 1576 1864 de
1599 1827 1859 1872 corruptione
1881 1836 1966 1863 cor-

298 1887 554 1932 ruptibilium,
581 1896 701 1932 quam
735 1887 913 1923 excludit
942 1887 1076 1928 dictio,
1103 1888 1212 1923 unde
1239 1887 1460 1932 praemittit
1487 1887 1660 1932 qualiter
1687 1888 1749 1923 est
1781 1886 1966 1931 impossi-

298 1946 397 1982 bile:
439 1947 546 1991 quod
584 1947 647 1982 est
683 1956 735 1982 ex
772 1946 986 1982 elementis
1014 1946 1284 1991 compositum
1313 1947 1352 1982 et
1377 1946 1417 1981 in
1444 1946 1534 1991 ipsa
1560 1955 1699 1982 rursus
1726 1945 1946 1981 resolvitur
1956 1952 1964 1987 ;

300 2005 542 2050 compositio
571 2005 677 2041 enim
705 2006 779 2041 etc.
828 2004 876 2041 Et
902 1997 1049 2050 postea
1074 2005 1205 2041 altera
1230 2005 1297 2041 via
1323 2005 1518 2050 procedit.
1569 2005 1715 2041 Anima
1749 2005 1886 2041 autem
1913 2014 1966 2041 ex

300 2064 445 2101 talibus
473 2064 699 2109 composita
725 2074 807 2100 non
834 2066 908 2100 est.
1985 2070 2018 2094 30

438 2125 469 2159 4.
497 2123 558 2159 Ad
585 2125 768 2168 quartum
796 2124 1013 2159 dicendum
1040 2124 1147 2168 quod
1174 2123 1356 2160 fluxibile
1383 2123 1478 2160 dicit
1504 2124 1685 2160 creatum
1711 2124 1751 2159 in
1772 2124 1966 2168 quantum

299 2183 496 2220 vertibile.

438 2244 470 2278 5.
496 2242 558 2278 Ad
585 2242 767 2286 quintum
794 2242 1009 2278 dicendum
1037 2243 1145 2287 quod
1173 2252 1254 2278 non
1282 2242 1413 2278 omnis
1441 2242 1611 2278 materia
1638 2244 1701 2278 est
1730 2252 1855 2279 causa
1881 2252 1966 2279 cor-

300 2301 498 2346 ruptionis
510 2303 535 2342 5,
575 2301 648 2337 sed
676 2300 744 2336 illa
770 2310 875 2346 quae
903 2302 966 2337 est
992 2301 1209 2345 privationi
1236 2301 1431 2343 subiecta,
1462 2302 1569 2346 quod
1597 2311 1680 2337 non
1708 2303 1770 2337 est
1796 2302 1966 2338 materia

300 2360 412 2396 caeli.
480 2360 597 2396 Unde
647 2359 1010 2396 Commentator
1057 2360 1180 2396 dicit⁴
1216 2361 1374 2396 caelum
1422 2370 1503 2396 non
1551 2361 1704 2397 habere
1743 2361 1964 2402 materiam,
1985 2365 2018 2391 35

439 2484 457 2516 2
483 2483 680 2522 nationum]
708 2483 934 2515 edoctionum
1008 2485 1026 2516 9
1047 2483 1167 2522 etiaml
1188 2485 1307 2516 autem
1381 2485 1421 2516 12
1441 2483 1675 2523 manutentia]
1698 2484 1967 2517 manucarentia

302 2537 341 2569 14
368 2536 628 2575 immortalitas]
654 2537 865 2569 immortalis
961 2537 1002 2569 23
1031 2536 1164 2576 finitur]
1190 2536 1359 2570 definitur
1454 2538 1496 2571 27
1523 2537 1643 2577 dictio]
1670 2538 1714 2571 do

438 2654 448 2676 1
477 2655 547 2688 Cir.
573 2655 693 2696 Aug.‚
721 2656 772 2687 De
800 2655 886 2688 Gen.
915 2656 966 2687 ad
989 2655 1070 2688 Lm.
1098 2655 1168 2694 VII,
1196 2656 1238 2688 28
1266 2655 1340 2694 (PL
1366 2657 1420 2695 34,
1448 2657 1524 2695 372,
1551 2666 1583 2689 n.
1612 2655 1680 2695 43).

436 2713 451 2735 2
477 2714 545 2747 Cir.
562 2715 789 2754 Mayistrum
803 2713 910 2753 Sem„
932 2715 990 2747 lib.
1006 2714 1045 2753 ΙΙ;
1061 2714 1140 2747 dist.
1157 2715 1210 2753 19,
1225 2724 1253 2747 c.
1269 2715 1314 2747 IV
1334 2713 1375 2754 (B
1387 2724 1526 2754 onav.‚
1547 2715 1611 2756 Op.
1628 2725 1726 2748 omn.
1746 2716 1784 2755 ΙΙ,
1800 2716 1865 2748 456
1878 2712 1914 2757 a)
1930 2716 1965 2748 et

299 2767 418 2809 Aug.,
440 2767 491 2800 De
512 2767 598 2800 Gen.
624 2768 674 2800 ad
692 2768 772 2800 Litt.
786 2767 841 2807 VI,
857 2768 899 2800 25
914 2766 985 2807 (PL
999 2768 1052 2807 34,
1069 2768 1146 2806 354,
1161 2777 1193 2800 n.
1210 2764 1279 2810 36).
1309 2768 1601 2807 „Quodammodo
1621 2771 1764 2802 creatus
1784 2769 1839 2801 est
1859 2769 1964 2802 homo

299 2821 519 2853 immortalis.
571 2821 671 2857 Quod
699 2822 777 2853 erat
803 2821 835 2853 ei
862 2822 905 2853 de
931 2821 1029 2862 ligno
1055 2821 1162 2859 vitae,
1195 2830 1265 2854 non
1293 2821 1337 2854 de
1363 2822 1566 2855 conditione
1592 2823 1752 2855 naturae.
1804 2821 1964 2854 Mortalis

300 2875 376 2906 erat
402 2873 604 2906 conditione
631 2875 794 2914 corporis
821 2874 996 2913 animalis,
1023 2874 1232 2906 immortalis
1259 2874 1436 2906 beneficio
1463 2874 1701 2907 Conditorio.“
1753 2875 1822 2907 Cfr.
1842 2874 1904 2907 Au
1913 2883 1963 2916 g.‚

300 2927 350 2958 De
374 2926 615 2959 Peccatorum
642 2926 785 2959 Meritis
810 2929 843 2959 et
868 2927 1047 2959 Remissis
1071 2928 1105 2959 et
1130 2927 1173 2959 de
1198 2927 1306 2968 Bapt.
1333 2928 1442 2959 Parv.
1473 2936 1501 2960 o.
1529 2928 1547 2960 3
1576 2927 1646 2967 (PL
1672 2928 1726 2967 44,
1755 2928 1829 2967 110,
1856 2937 1888 2960 n.
1916 2926 1963 2967 3.)

438 2984 452 3005 3
478 2985 547 3018 Cfr.
575 2985 721 3023 Arist,
748 2985 856 3025 Phys.
883 2985 921 3024 II,
949 2986 1002 3017 21.

437 3043 451 3063 ⁴
479 3044 529 3076 De
555 3043 640 3077 Sub.
671 3044 754 3076 Orb.
782 3052 810 3076 c.
838 3044 881 3083 ΙΙ;
917 3044 1000 3076 vide
1036 3044 1141 3077 ctiam
1179 3043 1339 3084 Metaph.
1368 3044 1452 3083 VIII,
1479 3053 1569 3078 com.
1598 3046 1660 3084 12;
1695 3045 1765 3084 XII,
1791 3053 1880 3077 com.
1911 3044 1962 3077 10.
