2095 3459
109 314 157 350 D.
178 313 281 349 XVI.

300 208 365 245 142
796 208 816 240 J
820 208 970 241 ohannis
996 208 1163 240 Pechami
1190 207 1441 244 Quaestiones.

495 317 664 353 Solutio
692 316 978 355 obiectorum
1004 315 1309 360 <quaestionis
1336 315 1546 352 decimae
1574 315 1768 356 sextae>.

441 390 471 424 1.
498 388 560 424 Ad
579 388 751 433 primum
772 387 974 424 obiectum
994 387 1035 422 in
1057 386 1303 422 contrarium
1324 385 1538 422 dicendum
1559 386 1632 426 est,
1653 386 1696 420 ut
1714 385 1754 420 In
1776 384 1964 429 opposito

302 449 452 484 tactum
479 448 576 483 est1.
627 447 758 482 Primo
785 446 997 482 sciendum
1030 446 1149 490 quod,
1188 455 1278 481 cum
1313 444 1409 481 dicit
1443 443 1745 490 Augustinus
1782 443 1962 488 spiritum

303 508 483 544 creatum
509 506 665 542 moveri
689 514 763 550 per
787 506 984 550 tempora,
1011 514 1093 540 non
1118 513 1192 549 per
1215 504 1318 545 loca,
1344 503 1519 548 loquitur
1544 503 1594 538 de
1616 502 1704 538 eius
1725 502 1964 547 operatione

302 565 467 611 propria
504 566 544 601 et
577 564 770 606 interiori,
809 564 903 609 quia
940 564 1008 599 illa
1043 563 1211 608 requirit
1251 564 1411 607 tempus
1450 563 1491 598 et
1527 571 1609 597 non
1643 562 1788 597 locum.
1847 561 1964 597 Unde
1985 562 2001 587 5

304 624 620 671 Augustinus,
640 624 704 660 Ad
725 624 933 666 Orosium,
954 622 1197 668 quaestione
1217 623 1306 657 412:
1335 621 1527 666 „Spiritus
1546 620 1753 656 hominum
1779 621 1967 656 movetur

302 694 375 730 pro
401 685 596 729 tempore,
627 682 928 719 reminiscendo
954 681 1186 726 praeterita,
1223 680 1358 716 futura
1384 680 1655 725 expectando,
1694 678 1843 723 aliquid
1869 679 1967 714 novi

304 743 510 779 discendo.
558 742 699 787 Neque
726 741 844 783 enim,
882 750 973 777 cum
998 739 1193 776 recordor
1217 739 1393 784 aliquam
1418 738 1675 780 locutionem,
1704 738 1807 774 sicut
1832 738 1965 774 motus

304 803 367 839 est
393 801 555 847 spiritus
582 810 697 837 meus
724 800 953 846 cogitando,
979 800 1023 835 ut
1047 799 1125 835 hoc
1150 799 1438 835 recordaretur
1464 807 1517 833 ex
1536 799 1731 842 tempore,
1757 797 1813 833 ita
1832 797 1965 832 motus

304 862 366 898 est
391 861 432 897 in
456 861 580 896 loco.“
631 859 736 898 Dicit
761 860 897 895 autem
924 867 1015 894 eum
1041 867 1123 894 non
1149 857 1305 893 moveri
1336 866 1410 902 per
1440 857 1542 898 loca,
1581 856 1685 892 sicut
1710 865 1793 892 non
1828 856 1891 891 est
1924 855 1966 891 in
1988 857 2020 883 10

303 921 393 957 loco
419 919 595 966 proprie,
622 919 777 955 scilicet
803 918 1008 963 implendo
1033 917 1178 953 locum.
1227 916 1311 953 Nec
1330 917 1440 952 valet
1461 916 1568 961 quod
1590 915 1729 952 ultimo
1751 915 1967 958 obicit<ur>

304 980 354 1016 de
389 979 478 1015 aliis
515 978 731 1024 speciebus
763 978 908 1018 motus,
947 976 1139 1022 quoniam
1170 975 1274 1012 aliae
1310 975 1472 1020 species
1498 975 1654 1019 ponunt
1679 974 1855 1019 aliquam
1883 983 1967 1010 cor-

303 1038 532 1084 ruptIonem
558 1036 805 1078 interiorem,
831 1036 909 1072 loci
934 1045 1034 1072 vero
1062 1034 1230 1071 mutatio
1257 1034 1418 1071 nullam.

441 1098 473 1133 2.
499 1096 562 1133 Ad
588 1096 812 1132 secundum
838 1095 1054 1131 dicendum
1081 1095 1200 1139 quod,
1236 1094 1279 1130 ut
1305 1093 1399 1130 dicit
1425 1093 1749 1139 Augustinus,
1775 1092 1882 1129 XIII.
1910 1093 1968 1129 De

305 1157 489 1198 Civitate,
524 1165 610 1201 cap.
637 1157 723 1191 153:
765 1154 961 1200 „Tempus
997 1154 1141 1190 dicitur
1174 1153 1338 1199 proprie
1374 1153 1548 1198 spatium
1582 1161 1799 1188 mensurae
1834 1153 1967 1188 motus
1989 1153 2020 1177 15

304 1216 491 1257 siderum,
530 1215 609 1252 alio
647 1214 768 1251 modo
808 1214 952 1250 dicitur
988 1214 1101 1259 large
1140 1222 1334 1249 mensura
1368 1212 1658 1257 cuiuscumque
1692 1211 1965 1247 variationis.“

305 1275 436 1311 Primo
462 1274 583 1310 modo
610 1283 692 1310 non
720 1273 796 1310 erit
820 1274 981 1318 tempus
1016 1273 1110 1317 post
1140 1271 1341 1313 iudicium,
1381 1271 1562 1307 secundo
1599 1271 1720 1307 modo
1759 1270 1844 1306 erit.
1894 1270 1968 1306 Vel

305 1334 383 1371 alio
410 1334 551 1370 modo:
592 1332 788 1378 „Tempus
827 1331 999 1377 amplius
1038 1341 1120 1367 non
1159 1331 1266 1373 erit,“
1307 1330 1329 1366 i.
1366 1340 1399 1367 e.
1435 1329 1616 1367 cessabit
1650 1329 1893 1366 instabilitas
1929 1330 1969 1365 et

305 1393 552 1430 mutabilitas
578 1391 824 1437 temporalis.
873 1391 991 1427 Unde
1018 1390 1209 1427 Glossa4:
1238 1389 1510 1433 „Immortales
1532 1390 1572 1425 et
1591 1388 1864 1434 impassibiles
1886 1386 1969 1424 effi—

306 1453 472 1489 cientur.
522 1451 569 1487 Et
595 1452 763 1487 econtra
788 1451 948 1495 tempus
975 1449 1174 1485 malorum
1201 1449 1275 1485 erit
1300 1448 1341 1484 in
1368 1448 1567 1484 saecula.“
1988 1451 2021 1476 20

443 1513 475 1547 3.
502 1511 563 1547 Ad
590 1510 751 1546 tertium
787 1509 1003 1546 dicendum
1041 1509 1148 1553 quod
1185 1507 1410 1553 indigentia
1447 1508 1584 1552 potest
1621 1506 1699 1543 dici
1737 1506 1968 1552 dupliciter:

307 1571 396 1607 Uno
423 1570 544 1606 modo
572 1569 795 1606 secundum
822 1568 928 1614 quod
955 1568 1050 1604 dicit
1076 1567 1352 1613 praesentiam
1388 1566 1482 1603 mali
1517 1567 1557 1602 et
1592 1565 1795 1602 defectum
1827 1575 1969 1602 neces-

308 1629 403 1666 sarii
411 1637 419 1673 ;
446 1629 525 1665 alio
546 1628 666 1665 modo
687 1628 911 1664 secundum
932 1628 1039 1672 quod
1061 1627 1156 1663 dicit
1175 1625 1523 1671 imperfectionem
1543 1625 1640 1662 boni
1659 1626 1850 1670 respectu
1871 1625 1968 1666 eius,

308 1689 415 1734 quod
443 1689 506 1725 est
531 1687 819 1724 universaliter
843 1686 1080 1732 perfectum.
1130 1685 1260 1722 Primo
1298 1685 1420 1721 modo
1456 1694 1538 1721 non
1573 1684 1705 1720 omnis
1740 1684 1873 1720 motus
1907 1685 1970 1720 est

307 1748 473 1793 propter
498 1746 765 1793 indigentiam
788 1746 1015 1791 poenalem,
1055 1745 1127 1781 sed
1165 1745 1331 1790 propter
1367 1743 1718 1789 imperfectionem
1744 1744 1969 1784 creaturae,
1989 1745 2023 1771 25

309 1816 413 1851 quae
438 1816 519 1843 uno
546 1806 666 1843 modo
692 1815 775 1842 non
800 1806 934 1851 potest
960 1804 1128 1849 assequi
1162 1813 1324 1840 omnem
1360 1813 1475 1839 suam
1512 1802 1818 1848 perfectionem,
1856 1810 1971 1846 prae-

308 1865 425 1911 cipue
452 1864 717 1911 corporalem.

444 1925 476 1960 4.
503 1924 565 1960 Ad
590 1924 775 1969 quartum
802 1923 1018 1960 dicendum
1053 1923 1171 1967 quod,
1210 1921 1394 1967 quamvis
1430 1921 1566 1957 anima
1600 1920 1652 1957 sit
1690 1919 1864 1965 simplex
1898 1928 1972 1964 per

309 1983 531 2020 carentiam
568 1983 741 2028 partium
778 1981 1052 2028 integralium,
1099 1981 1223 2017 habet
1258 1981 1397 2017 tamen
1433 1981 1573 2025 partes
1610 1979 1822 2020 virtuales,
1860 1978 1970 2014 vires

310 2042 464 2079 scilicet
490 2042 530 2078 et
554 2041 758 2087 potentias
769 2044 794 2077 5.
843 2040 890 2077 Et
915 2041 1040 2087 agunt
1066 2039 1252 2086 singulae
1279 2039 1542 2084 operationes
1569 2048 1677 2075 suas.
1726 2038 1815 2074 Non
1834 2038 1970 2074 tamen
1990 2044 2025 2069 30

310 2110 452 2137 omnes
473 2101 599 2147 agunt
619 2100 786 2146 propter
805 2098 1190 2145 apprehensionem,
1211 2097 1307 2143 quia
1320 2107 1402 2134 non
1418 2106 1560 2134 omnes
1577 2096 1799 2133 oboediunt
1812 2095 1970 2132 rationi.

308 2160 417 2196 Inter
448 2159 537 2196 illas
572 2160 708 2195 autem
741 2167 847 2204 quae
873 2157 1097 2195 oboediunt
1121 2157 1280 2199 rationi,
1307 2157 1556 2202 <quaedam>
1580 2156 1649 2197 sic,
1677 2155 1785 2201 quod
1808 2155 1972 2200 ipsa<e>

309 2228 382 2264 per
418 2219 590 2261 <totam>
627 2217 893 2254 intentionem
918 2217 1053 2263 agunt,
1093 2216 1211 2261 quod,
1249 2215 1412 2261 quando
1448 2215 1618 2251 intentio
1652 2213 1903 2251 convertitur
1930 2213 1971 2249 in

310 2287 429 2314 unam
451 2277 732 2322 operationem
752 2276 944 2322 perfecte,
975 2285 1050 2320 per
1078 2284 1338 2320 consequens
1368 2275 1419 2310 ab
1452 2274 1531 2310 alia
1560 2273 1777 2309 retrahitur
1805 2273 1973 2318 propter

309 2336 589 2372 limitationem
615 2336 797 2372 naturae.
846 2334 963 2371 Unde
1000 2335 1040 2370 et
1073 2334 1303 2370 intellectus
1339 2342 1420 2369 non
1455 2333 1592 2378 potest
1623 2332 1739 2368 simul
1766 2331 1891 2367 multa
1914 2331 1972 2366 in·
1991 2336 2024 2361 35

310 2395 527 2441 telligeress.
579 2393 659 2430 Sed
685 2394 815 2440 gloria
841 2393 981 2430 dilatat
1007 2393 1139 2429 sinum
1172 2392 1342 2428 animae.
1393 2391 1462 2433 <Et
1487 2391 1569 2433 sic>
1601 2391 1738 2427 anima
1774 2399 1848 2435 per
1884 2390 1971 2431 hoc,

312 2454 419 2498 quod
453 2453 634 2499 perfecte
669 2452 851 2494 intendit,
889 2462 970 2488 non
1009 2451 1255 2487 contrahens
1293 2450 1611 2495 intelligentiam,
1650 2449 1724 2485 sed
1762 2448 1971 2493 amplians=

450 2552 468 2583 7
496 2551 657 2590 Miyne:
685 2551 720 2582 in
794 2550 813 2582 8
839 2549 969 2588 motus]
996 2557 1117 2582 comes
1190 2549 1209 2581 9
1235 2545 1349 2587 meus]
1375 2557 1477 2580 mens
1551 2547 1592 2580 10
1618 2546 1666 2586 in]
1687 2548 1722 2579 et
1796 2546 1837 2578 18
1863 2546 1972 2578 insta-

311 2603 444 2643 bilitas]
470 2603 692 2644 passibilitas
802 2603 844 2635 25
870 2601 1116 2644 indigentiam]
1146 2601 1183 2640 -l-
1212 2610 1282 2634 non
1386 2602 1426 2633 31
1455 2600 1538 2639 non]
1564 2601 1602 2633 ut
1706 2600 1748 2632 32
1774 2598 1866 2638 illas]
1892 2598 1972 2631 illos

313 2657 354 2689 37
382 2655 493 2697 quod]
519 2655 556 2694 —l-
587 2655 682 2696 quod
753 2655 970 2688 contrahens
995 2655 1278 2695 intelligentiam,
1318 2654 1381 2686 sed
1417 2652 1608 2694 amplians]
1647 2653 1915 2685 contrahentem
1941 2653 1974 2683 et

314 2709 544 2750 ampliantem

451 2802 464 2825 ¹
490 2803 606 2844 Supra
630 2812 664 2844 p.
693 2803 768 2842 134,
794 2803 821 2835 Β
849 2803 878 2835 1.

450 2855 465 2878 ²
490 2857 570 2889 Est:
596 2856 781 2896 Dialogus
808 2856 1077 2895 Quaestionum
1103 2854 1197 2887 LXV
1217 2854 1286 2887 sub
1324 2853 1443 2886 Titulo
1481 2853 1634 2885 Orosii
1660 2851 1916 2885 Percontantis
1942 2852 1974 2884 el

314 2910 561 2950 Augustini
586 2909 866 2950 Respondentis.
916 2908 956 2945 Q.
983 2908 1056 2940 LXI
1081 2906 1151 2947 (PL
1178 2907 1231 2945 40,
1258 2905 1349 2945 746).

424 2988 427 2991 I
452 2962 466 2983 3
491 2962 560 3001 XII,
588 2963 629 2994 15
655 2960 726 3001 (PL
752 2962 805 3001 41,
832 2961 897 2993 363
924 2970 957 3009 n.
987 2960 1030 2999 1).

452 3014 465 3036 ⁴
494 3015 629 3047 Glossa
653 3014 907 3047 interlinearis
933 3014 978 3046 ad
1002 3013 1154 3054 Apocal.
1184 3013 1236 3051 10,
1263 3013 1293 3049 6,
1320 3011 1549 3044 verbotenus.

452 3066 466 3088 5
490 3066 581 3099 Vide
606 3067 699 3099 infra
725 3075 757 3107 q.
784 3065 891 3098 XXXI
916 3067 951 3098 et
976 3065 1123 3104 XXXIII,
1152 3065 1187 3097 C.
1328 3063 1342 3084 6
1368 3064 1437 3095 Cfr.
1465 3063 1606 3100 Arist„
1638 3063 1721 3103 Top.
1748 3063 1786 3098 ΙΙ.
1814 3063 1831 3094 4
1858 3060 1942 3100 [10).
