2095 3459
352 208 386 244 X
934 214 1158 254 Conspectus
1186 214 1447 254 quaestionum.

445 312 528 344 XIX.
558 312 748 349 Quaeritur
773 314 875 345 iuxta
899 314 967 345 hoc
994 314 1109 345 utrum
1136 314 1254 346 futura
1281 315 1352 346 sInt
1377 315 1533 347 clariora
1557 316 1770 355 corporibus
1791 317 2021 354 caelestibus,

559 372 756 411 praecipue
783 380 935 412 corpore
961 372 1072 404 solari
1109 398 1581 406 .........
1612 375 1810 412 152-154;
1840 375 2019 406 160—161

457 429 527 460 XX.
555 429 746 465 Quaeritur
770 430 873 462 quta
897 430 964 462 hoc
990 431 1107 462 utrum
1134 440 1258 462 omnes
1279 440 1409 463 sensus
1430 432 1502 463 sint
1522 433 1556 464 in
1578 433 1717 464 actibus
1738 433 1812 464 suis
1841 433 2022 465 161—166

439 488 523 520 XXI.
552 488 743 524 Quaeritur
768 498 814 520 an
839 489 935 520 Deus
962 489 1008 520 sit
1033 490 1213 521 veraciter
1237 491 1492 530 cognoscibilis
1519 516 1526 522 .
1578 517 1583 523 .
1614 491 1812 528 166—1ss7;
1841 491 2022 523 172—174

433 546 533 579 XXII.
562 547 752 584 Quaeritur
777 556 822 579 an
847 548 944 580 Deus
972 549 1018 579 sit
1043 548 1194 580 visibilis
1221 558 1288 588 per
1314 550 1510 581 essentiam
1578 576 1583 582 .
1613 550 1811 588 167-168;
1841 551 2022 582 174—175

415 605 531 637 XXIII.
559 606 751 642 Quaeritur
776 607 891 638 utrum
918 606 1014 638 Deus
1042 607 1207 639 videatur
1233 616 1298 647 per
1324 608 1482 648 aliquam
1509 609 1669 648 speciem
1696 610 1849 641 mediam

1614 662 1811 701 169—1703
1841 663 2022 695 175—177

363 729 389 734 *s
416 717 533 749 XXIV.
562 717 753 754 Quaeritur
778 719 893 750 utrum
918 719 1103 751 beatItudo
1130 720 1306 752 consistat
1331 720 1566 767 principalius
1597 721 1632 752 in
1658 720 1724 752 Dei
1749 722 1890 753 visione
1916 730 1961 754 an
1988 722 2023 753 in

561 777 728 809 fruitione
761 803 1583 811 ...............
1614 779 1812 817 170-172;
1842 780 2022 812 178—180

1030 874 1149 913 Pars
1180 874 1347 914 tertia:

487 959 752 996 Quaestiones
780 961 958 993 selectae
985 969 1035 993 ex
1061 961 1357 994 Commentario
1384 970 1504 1002 super
1528 963 1555 994 Ι.
1582 962 1890 996 Sententiarum.

435 1036 538 1068 XXV.
565 1035 658 1080 D3‘st.
685 1037 715 1068 8.
756 1036 947 1073 Quaeritur
973 1038 1017 1069 de
1044 1037 1273 1077 simplicitate
1300 1038 1440 1070 animae
1466 1039 1673 1070 rationalis:
1709 1040 1825 1071 utrum
1857 1040 1904 1071 sit
1929 1042 2023 1072 coni-

562 1096 682 1136 posita
708 1104 754 1127 ex
780 1096 932 1128 materia
958 1097 993 1128 et
1019 1096 1134 1128 forma
1169 1120 1582 1129 ........
1613 1098 1812 1137 183-184;
1841 1098 2023 1131 186-188

369 1156 390 1159 ’“
422 1154 540 1186 XXVI.
566 1154 657 1186 Dtst.
685 1155 715 1186 8.
755 1154 946 1191 Quaeritur
972 1164 1017 1187 an
1044 1155 1165 1187 anima
1189 1156 1235 1187 sit
1261 1156 1296 1187 in
1324 1156 1484 1195 qnalibet
1509 1158 1614 1196 parte
1642 1157 1805 1197 corporis
1832 1158 1907 1190 tota

1614 1209 1812 1247 184—185;
1842 1210 2022 1243 188—190

402 1266 533 1298 XXVII.
561 1267 650 1299 Dist.
678 1267 709 1299 8.
750 1267 943 1307 Supposito
971 1268 1067 1307 quod
1093 1267 1213 1299 anima
1246 1268 1434 1300 rationalis
1469 1268 1515 1300 sit
1550 1269 1585 1300 in
1621 1269 1781 1309 qualibet
1815 1270 1919 1309 parte
1946 1277 2022 1301 cor-

561 1326 669 1366 poris,
710 1327 893 1366 quaeritur
925 1328 1041 1358 utrum
1073 1326 1236 1358 similiter
1268 1327 1387 1359 anima
1422 1326 1578 1359 brutalis‘
1598 1328 1644 1359 sit
1671 1328 1704 1359 in
1733 1329 1892 1367 qualibet
1918 1329 2021 1368 parte

562 1386 724 1425 corporis
751 1386 826 1417 tota
879 1409 1700 1418 ...............
1730 1387 1812 1425 186;
1842 1388 2020 1420 190-191

337 1465 348 1470 -
390 1443 538 1475 XXVIII.
566 1444 656 1476 Dist.
683 1444 713 1476 3.
754 1444 944 1480 Quaeritur
970 1445 1085 1476 utrum
1112 1445 1232 1476 anima
1256 1440 1443 1477 rationalis
1470 1445 1516 1477 sit
1542 1446 1662 1486 imago
1689 1446 1753 1478 Dei
1805 1473 1810 1478 .
1841 1447 2021 1479 191—194

358 1510 387 1520 r-
422 1502 539 1534 XXIX.
564 1502 654 1534 Dist.
682 1503 714 1534 3.
753 1503 944 1539 QuaerItur
969 1504 1085 1534 utrum
1112 1504 1296 1543 potentiae
1323 1504 1480 1536 animae:
1514 1504 1696 1543 memoria,
1723 1505 1963 1546 intelligentia
1988 1507 2023 1538 et

563 1562 729 1593 voluntas
756 1562 826 1593 sint
851 1563 975 1602 partes
1001 1562 1167 1602 imaginis
1227 1588 1233 1594 .
1284 1586 1290 1593 .
1344 1586 1350 1593 .
1460 1589 1465 1594 .
1518 1586 1525 1593 .
1576 1589 1582 1595 .
1613 1561 1810 1602 194-195;
1840 1564 2021 1597 196—198

399 1628 408 1636 ⁶
437 1620 538 1652 XXX.
567 1621 655 1653 Dist.
683 1621 713 1653 3.
753 1621 944 1657 QuaerItur
971 1621 1126 1661 qualiter
1151 1622 1185 1653 in
1206 1622 1261 1653 his
1282 1622 1446 1653 consistit
1466 1622 1602 1663 imago:
1629 1623 1687 1654 vel
1708 1623 1904 1655 secundum
1927 1624 2022 1664 quod

562 1680 696 1712 habent
715 1680 828 1711 Deum
854 1689 919 1720 pro
946 1680 1087 1712 obiecto
1112 1681 1169 1712 vel
1196 1681 1313 1720 ipsam
1340 1681 1493 1713 animam
1520 1704 1527 1711 .
1579 1708 1585 1713 .
1616 1671 1814 1720 195—196';
1844 1682 2023 1715 198—199

369 1742 381 1750 “
419 1739 536 1770 XXXI.
562 1739 652 1771 Dist.
679 1739 710 1771 3.
750 1739 941 1776 Quaeritur
983 1741 1099 1771 utrum
1143 1740 1328 1780 potentiae
1372 1740 1513 1772 animae
1559 1740 1629 1772 sint
1667 1742 1925 1773 substantiales
1967 1742 2024 1773 vel

564 1798 805 1830 accidentales
879 1822 1585 1831 .............
1614 1800 1813 1839 199--2003
1841 1800 2023 1833 202-204

346 1858 367 1863 ‘⁷
407 1856 538 1889 XXXII.
565 1857 657 1890 Dist.
683 1858 714 1890 3.
755 1857 945 1893 Quaeritur
980 1858 1095 1889 utrum
1131 1858 1316 1898 potentiae
1351 1858 1492 1890 animae
1528 1859 1610 1890 sunt
1643 1859 1736 1891 idem
1772 1860 1889 1900 ipsum
1929 1860 2024 1900 quod

564 1917 683 1950 anima
707 1940 1584 1950 ................
1613 1918 1812 1956 201—2023
1840 1919 2023 1952 204—205

391 1975 537 2007 XXXIII.
563 1976 654 2008 Dist.
681 1976 712 2008 3.
751 1976 942 2013 Quaeritur
956 1977 1073 2008 utrum
1087 1977 1271 2016 potentiae
1286 1977 1429 2009 animae
1443 1977 1589 2009 realiter
1603 1978 1674 2009 sint
1689 1978 1812 2018 plures
1839 1978 2021 2010 206—-207

391 2034 540 2066 XXXIV.
569 2034 659 2068 Dist.
687 2036 717 2068 3.
758 2035 948 2072 Quaeritur
988 2036 1106 2067 utrum
1148 2035 1332 2076 potentiae
1371 2036 1512 2068 animae
1556 2045 1701 2076 semper
1744 2037 1827 2068 sunt
1870 2037 1905 2068 in
1949 2037 2022 2068 suis

561 2094 699 2126 actibus
759 2117 1229 2127 .........
1245 2109 1249 2113 <
1280 2117 1812 2127 ..........
1840 2096 2022 2128 208-210

403 2152 536 2183 XXXV.
563 2153 654 2186 Dlst.
675 2153 706 2186 3.
739 2153 930 2189 Quaeritur
945 2154 988 2185 de
1003 2153 1163 2185 secunda
1177 2153 1424 2194 assignatione
1438 2154 1620 2195 imagInis:
1642 2155 1678 2186 in
1692 2156 1821 2194 mente,
1842 2156 1969 2187 notitia
1989 2157 2024 2187 et

564 2221 697 2251 amore,
725 2213 810 2252 quid
830 2221 896 2253 per
913 2213 981 2245 hoc
1000 2212 1231 2253 intelligatur,
1258 2213 1375 2245 utrum
1395 2214 1579 2253 potentiae
1598 2214 1656 2246 vel
1677 2214 1819 2246 habitus
1855 2214 1938 2253 210;
1957 2215 2020 2247 211

389 2270 537 2302 XXXVI.
564 2271 654 2303 Dist.
681 2271 713 2303 3.
750 2271 872 2303 Posito
902 2272 997 2311 quod
1021 2271 1149 2303 notitia
1173 2273 1209 2303 et
1243 2280 1344 2304 amor
1378 2272 1474 2304 stent
1508 2281 1573 2312 pro
1607 2272 1798 2309 habitibus.
1839 2273 2023 2313 quaeritur

565 2339 611 2362 an
637 2330 671 2362 in
697 2330 752 2362 his
779 2331 824 2362 sit
850 2331 969 2371 imago
993 2353 1406 2363 ........
1431 2369 1434 2371 ,
1456 2354 1812 2364 .......
1841 2332 1927 2370 210;
1955 2331 2020 2363 212

319 2404 335 2414 v«
376 2389 539 2422 XXXVII.
567 2389 656 2421 Dist.
684 2389 715 2421 3.
754 2389 945 2425 Quaeritur
964 2389 1008 2421 de
1029 2390 1252 2430 argumento,
1281 2390 1376 2429 quod
1396 2390 1481 2429 iacit
1495 2390 1728 2431 Augustinus,
1755 2390 1815 2423 IX.
1836 2390 1889 2422 De
1911 2391 2019 2428 Trin„

565 2456 644 2489 cap.
671 2449 692 2480 4
764 2474 770 2480 .
822 2474 828 2480 .
880 2433 890 2480 .’
938 2473 1816 2481 ................
1845 2449 1927 2486 211;
1954 2449 2019 2481 212

323 2525 339 2530 -«
358 2506 536 2539 XXXVIII.
565 2507 656 2539 Dist.
683 2508 736 2539 17.
776 2507 965 2543 Quaeritur
992 2515 1085 2547 quac
1111 2508 1157 2539 sit
1182 2507 1273 2539 ratio
1299 2507 1544 2548 cognoscendi
1575 2508 1773 2546 caritatem,
1812 2509 1928 2540 utrum
1958 2508 2019 2540 ha-

565 2566 658 2598 bitus
684 2567 925 2606 cognoscatur
949 2574 1016 2606 per
1041 2574 1081 2598 se
1107 2575 1152 2598 an
1177 2574 1244 2606 per
1269 2566 1387 2598 actum
1460 2589 1814 2598 .......
1843 2567 1926 2606 213;
1954 2567 2017 2599 214

392 2625 540 2656 ΧΧΧΙΧ.
566 2625 656 2657 Dist.
685 2626 738 2657 17.
777 2625 880 2656 quta
898 2625 966 2657 hoc
987 2625 1171 2664 quaeritur
1194 2625 1226 2657 si
1244 2625 1377 2657 caritas
1397 2626 1628 2666 cognoscitur
1648 2626 1708 2657 aut
1733 2634 1800 2666 per
1824 2626 2018 2658 essentiam

567 2684 627 2716 aut
652 2690 718 2724 pet
745 2684 904 2724 speciem
930 2683 1087 2724 aliquam
1113 2692 1135 2716 a
1160 2692 1201 2716 se
1229 2684 1456 2716 differentem
1505 2709 1512 2716 .
1548 2693 1582 2724 p.
1610 2683 1809 2723 213—214;
1837 2684 2017 2716 214—216

474 2742 540 2774 XL.
567 2742 656 2774 Dist.
674 2744 727 2775 17.
753 2742 944 2779 Quaeritur
965 2742 1049 2782 quid
1069 2743 1114 2774 sit
1127 2743 1262 2774 verItas
1283 2743 1478 2774 secundum
1493 2751 1569 2775 rem
1587 2743 1622 2775 et
1635 2743 1810 2775 rationem
1837 2743 2017 2775 217—219

460 2801 541 2834 XLI.
568 2801 658 2834 Dist.
688 2801 738 2833 17.
778 2801 969 2838 Quaeritur
1007 2801 1091 2841 quid
1128 2801 1174 2833 sit
1210 2801 1346 2833 veritas
1384 2810 1449 2841 per
1488 2801 1744 2834 definitionem.
1803 2801 1889 2834 Cum
1924 2802 2017 2833 enim

566 2860 670 2892 nnius
695 2860 747 2892 rei
773 2868 844 2891 una
869 2860 915 2892 sit
941 2859 1111 2898 delinitio,
1147 2860 1288 2891 videtur
1320 2860 1414 2899 quod
1439 2860 1573 2892 multae
1599 2860 1828 2892 definitiones
1855 2860 2021 2892 veritatis

567 2918 750 2958 superflue
777 2919 1008 2959 assignentur
1054 2941 1697 2951 ............
1725 2919 1808 2957 217;
1836 2918 2017 2951 219-220

447 2977 543 3009 XLII.
569 2977 660 3009 Dist.
688 2978 740 3009 17.
779 2977 970 3013 QuaerItur
995 2977 1112 3008 utrum
1135 2977 1270 3009 veritas
1296 2978 1537 3018 cognoscatur
1561 2986 1628 3017 per
1653 2986 1693 3010 se
1724 2978 1842 3018 ipsam
1877 2987 1922 3010 an
1953 2986 2018 3018 per

568 3036 727 3075 speciem
754 3035 910 3075 aliquam
992 3058 1809 3069 ................
1836 3036 2014 3069 220—221
