2095 3459
330 220 392 254 122
835 218 1011 252 ‘Iohannis
1039 219 1205 251 Pccliami
1230 219 1479 256 Quaestiones

466 318 516 353 11.
543 317 639 352 Item
656 315 911 361 simplicIOris
927 315 1266 352 considerationis
1283 316 1346 352 est
1360 324 1507 360 corpus
1522 316 1849 352 mathematicum
1869 327 1988 362 quam

325 376 508 413 naturale
536 375 761 412 secundum
799 375 907 419 quod
943 374 1183 410 huiusmodi.
1232 374 1336 420 Ergo
1373 383 1463 410 cum
1499 383 1646 419 corpus
1681 375 1902 421 gloriosum
1938 376 1989 412 sit

324 435 518 475 naturale,
558 433 812 479 simplicioris
849 433 1191 469 considerationis
1227 433 1303 469 erit
1340 442 1488 478 corpus
1514 434 1841 470 mathematicum
1868 444 1987 479 quam

324 494 554 540 gloriosum.
606 493 686 529 Sed
713 501 860 537 corpus
887 492 1035 533 vivum,
1062 492 1097 528 si
1123 493 1236 528 esset
1261 501 1374 528 mere
1400 492 1740 534 mathematicum,
1774 494 1817 528 ut
1848 493 1986 529 Plato

325 553 508 590 sensisse
547 552 716 592 videtur,
754 560 837 587 non
875 552 1019 595 posset
1057 560 1152 587 esse
1192 550 1309 586 simul
1348 559 1439 586 cum
1476 551 1661 592 naturali,
1704 551 1807 587 sicut
1842 552 2021 597 probat5

324 611 651 656 Philosophus
673 611 723 646 de
747 610 861 646 caelo
884 609 1169 646 mathematico
1192 610 1233 645 et
1252 609 1425 645 naturali
1444 609 1485 645 in
1499 609 1818 653 Mathematicis,
1831 610 1950 647 tertio
1964 613 1985 646 ¹.

324 670 427 715 Ergo
458 671 532 706 etc.

464 729 516 764 12.
541 728 641 764 Item
667 727 802 772 aliqua
827 728 906 763 duo
935 737 1091 763 summe
1119 728 1271 763 distare
1310 729 1360 763 ab
1399 727 1575 763 invicem
1613 728 1653 763 et
1690 727 1829 764 intime
1869 728 1984 765 simul

325 797 420 824 esse
455 787 642 823 videntur
677 796 771 822 esse
807 786 992 822 extrema
1027 786 1296 831 oppositionis
1332 786 1571 822 contrariae.
1622 785 1703 823 Sed
1729 796 1811 823 non
1839 787 1986 832 patitur

325 847 424 883 ordo
451 847 620 882 naturae
646 845 781 890 aliqua
806 846 885 881 duo
912 855 1066 881 summe
1087 846 1137 881 ab
1158 845 1333 881 invicem
1354 845 1515 887 distare,
1542 845 1638 890 quin
1663 846 1795 881 adhuc
1814 846 1987 891 possent
2007 845 2039 870 10

324 905 452 950 magis
489 905 651 943 distare.
688 904 831 940 saltem
857 913 930 949 per
956 904 1178 948 potentiam
1205 903 1421 940 Creatoris.
1471 903 1575 949 Ergo
1602 914 1685 940 non
1711 904 1859 949 patitur
1885 906 1983 942 ordo

325 965 505 1005 naturae,
532 964 639 1008 quod
659 963 818 1008 possint
837 963 977 998 intime
997 962 1113 999 simul
1135 973 1242 1003 esse,
1269 963 1363 1008 quia
1384 963 1607 999 secundum
1627 963 1984 1008 Philosophum.

325 1023 358 1059 si
384 1032 507 1058 unum
533 1022 825 1058 contrariorum
854 1032 934 1057 non
962 1023 1098 1066 potest
1123 1022 1263 1058 inesse
1289 1021 1419 1061 alicui,
1446 1031 1523 1057 nec
1547 1021 1780 1066 reliquum2.

464 1082 516 1117 13.
555 1080 652 1117 Item
690 1080 941 1125 impossibile
981 1082 1043 1116 est
1081 1081 1231 1125 aliquid
1269 1081 1421 1116 habere
1466 1081 1566 1117 duas
1604 1081 1879 1126 longitudines
1918 1083 1983 1119 vel

324 1139 570 1186 generaliter
597 1140 696 1176 duas
724 1139 1004 1175 dimensiones
1038 1140 1261 1176 secundum
1300 1140 1417 1176 idem.
1469 1139 1549 1176 Sed
1588 1139 1866 1179 dimensiones
1904 1141 1983 1178 loci
2004 1145 2035 1170 ¹5

326 1200 419 1235 sunt
445 1198 722 1235 dimensiones
749 1198 881 1239 locati,
909 1198 1002 1243 quia
1029 1199 1062 1234 si
1089 1199 1265 1243 sphaera
1291 1198 1342 1234 sit
1364 1199 1404 1234 in
1424 1199 1515 1235 loco
1537 1199 1761 1241 orbiculari,
1788 1200 1985 1237 diameter

330 1258 531 1303 sphaerae
560 1259 622 1293 est
648 1258 845 1293 diameter
871 1257 980 1293 orbis
1017 1257 1274 1294 continentis.
1326 1257 1406 1294 Sed
1444 1257 1477 1293 si
1503 1257 1581 1294 duo
1609 1267 1781 1303 corpora
1818 1260 1911 1295 sunt
1944 1259 1984 1296 in

327 1317 471 1352 eodem
504 1317 605 1356 loco,
644 1317 852 1361 utriusque
889 1316 1070 1361 corporis
1098 1316 1374 1352 dimensiones
1402 1318 1519 1352 erunt
1544 1326 1568 1352 a
1593 1317 1679 1362 pari
1705 1317 1982 1355 dimensiones

327 1375 413 1412 loci.
440 1376 526 1411 Hoc
547 1377 610 1411 est
629 1375 888 1420 impossibile.
914 1374 1018 1421 Ergo
1041 1376 1080 1411 et
1098 1375 1278 1420 primum,
1300 1375 1454 1412 scilicet
1468 1376 1546 1412 duo
1562 1385 1734 1421 corpora
1749 1386 1842 1412 esse
1857 1376 1982 1413 simul.

466 1435 517 1469 14.
545 1434 642 1470 Item
670 1434 839 1470 materia
865 1435 929 1469 est
954 1433 1056 1470 ratio
1085 1434 1355 1470 distinctionis
1382 1434 1651 1476 individualis,
1688 1435 1848 1471 dicente
1880 1435 1982 1471 Phi-
2001 1439 2034 1464 20

328 1494 563 1537 Iosopho³
589 1493 695 1537 quod
721 1502 925 1538 generans
951 1493 1124 1538 generat
1149 1492 1256 1528 aliud
1283 1493 1448 1537 propter
1474 1493 1694 1529 materiam.
1731 1493 1824 1537 Ipsa
1850 1494 1980 1534 etiam,

329 1554 369 1588 ut
396 1553 556 1597 quanta.
596 1553 659 1588 est
692 1551 794 1587 ratio
830 1551 1069 1588 situationis.
1120 1551 1223 1597 Ergo
1252 1552 1354 1587 sicut
1379 1552 1507 1598 gloria
1532 1562 1614 1588 non
1640 1551 1771 1588 aufert
1797 1554 1982 1589 determi-

329 1613 464 1647 natam
493 1613 533 1647 et
558 1613 608 1647 ab
637 1612 743 1647 omni
770 1611 848 1647 alia
874 1611 1103 1647 distinctam
1130 1611 1503 1652 individuationem,
1541 1611 1596 1647 Ita
1628 1621 1704 1647 nec
1736 1612 1868 1648 aufert
1892 1622 1981 1657 pro-

326 1671 451 1715 priam
479 1672 518 1706 et
544 1672 593 1706 ab
622 1671 730 1706 omni
756 1670 834 1706 alia
860 1670 1089 1706 distinctam
1117 1670 1386 1706 situationem.

466 1731 516 1764 15.
545 1729 639 1765 Item
669 1729 700 1764 si
730 1739 831 1764 unus
857 1729 970 1764 locus
997 1730 1139 1773 posset
1165 1738 1313 1773 capere
1341 1729 1418 1764 duo
1446 1738 1628 1773 corpora.
1668 1731 1809 1773 posset
1836 1730 1980 1766 eadem
1999 1739 2032 1764 25

327 1789 483 1824 ratione
511 1788 586 1824 tria
613 1789 652 1824 et
679 1788 844 1823 infinita.
895 1788 980 1823 Hoc
1017 1789 1151 1823 autem
1190 1797 1270 1822 non
1306 1790 1457 1832 posset,
1496 1787 1574 1823 nisi
1607 1789 1718 1823 esset
1744 1789 1978 1833 capacitatis

328 1847 519 1883 infinitae.
570 1847 672 1891 Ergo
700 1856 787 1882 cum
815 1847 892 1882 hoc
918 1847 969 1882 sit
994 1846 1255 1891 impossibile,
1284 1848 1585 1890 consequenter
1612 1848 1651 1882 et
1677 1848 1823 1883 cetera.

465 1907 516 1942 16.
544 1906 881 1950 Respondebatur
903 1906 954 1941 ad
990 1906 1103 1950 plura
1135 1905 1313 1945 Istorum,
1353 1906 1456 1949 quod
1499 1915 1656 1950 corpus,
1694 1905 1787 1941 licet
1824 1907 1980 1951 repleat

326 1966 456 2001 locum
482 1964 639 2000 ratione
667 1964 974 2002 dimensionum,
1003 1964 1179 1999 excludit
1206 1965 1340 1999 tamen
1368 1963 1472 1999 aliud
1495 1973 1519 1999 a
1540 1964 1627 1999 loco
1649 1965 1814 2009 propter
1831 1966 1979 2011 grossi-

326 2024 431 2062 tiem,
459 2033 575 2068 quam
602 2023 703 2058 tollit
728 2023 802 2058 dos
829 2022 1068 2058 subtilitatis.
1997 2034 2030 2057 :5⁰

465 2081 632 2118 Contra:
660 2081 859 2126 Quidquid
885 2081 1097 2126 participat
1123 2091 1298 2119 causam.
1326 2081 1537 2126 participat
1564 2081 1763 2117 effectum.
1813 2082 1916 2128 Ergo
1945 2083 1977 2119 si

327 2141 524 2177 subtilitas
562 2142 673 2176 esset
707 2150 841 2179 causa.
880 2149 1005 2185 quare
1040 2150 1185 2184 corpus
1222 2140 1440 2185 gloriosum
1467 2139 1598 2184 possit
1624 2149 1717 2176 esse
1746 2140 1858 2176 simul
1889 2152 1976 2177 cum

326 2200 416 2238 alio,
443 2209 615 2244 corpora
641 2199 902 2235 subtilissima
928 2198 1163 2234 naturaliter
1188 2208 1269 2234 non
1296 2198 1351 2234 ita
1376 2199 1585 2243 replentur
1605 2209 1628 2234 a
1649 2199 1747 2235 locis
1770 2200 1852 2235 suis
1875 2200 1977 2236 sicut

326 2268 480 2304 grossa.
530 2257 650 2295 Cuius
678 2258 921 2293 contrarium
948 2257 1130 2293 videmus
1158 2257 1197 2292 ln
1223 2257 1317 2302 igne
1345 2259 1384 2292 et
1410 2257 1509 2292 aliis,

466 2319 517 2352 17.
552 2317 645 2353 Item
676 2317 709 2352 si
736 2317 814 2352 duo
842 2325 1014 2361 corpora
1040 2315 1198 2360 possint
1225 2325 1319 2352 esse
1347 2316 1473 2352 simul.
1514 2326 1610 2360 ergo
1647 2311 1852 2360 quaelibet
1886 2319 1974 2354 duo.
1996 2329 2028 2356 :35

328 2376 511 2412 Probatio
550 2375 889 2420 consequentiae:
930 2375 1067 2410 Passio
1104 2375 1326 2410 communis
1364 2375 1484 2410 habet
1519 2384 1684 2410 causam
1711 2385 1975 2412 communem.

326 2434 429 2479 Ergo
457 2444 545 2470 cum
572 2434 794 2470 locabilitas
831 2434 882 2469 sit
913 2433 1049 2478 passio
1089 2434 1311 2469 communis
1348 2443 1572 2478 corporum,
1613 2434 1774 2470 habebit
1812 2444 1975 2471 causam

328 2503 581 2529 communem
608 2493 646 2529 in
675 2493 782 2528 omni
809 2502 992 2537 corpore.
1043 2491 1121 2528 Sed
1150 2492 1347 2528 subtilitas
1374 2494 1442 2528 aut
1468 2491 1610 2528 raritas
1646 2494 1714 2529 aut
1748 2493 1974 2529 hqusmodi

327 2562 406 2587 non
435 2553 497 2587 est
523 2551 561 2587 in
590 2552 697 2588 omni
724 2560 905 2596 corpore.
955 2551 1058 2596 Ergo
1086 2551 1164 2586 tale
1193 2551 1287 2586 nihil
1314 2551 1408 2587 facit
1442 2552 1493 2587 ad
1525 2551 1821 2588 locabilitatem.
1871 2552 1973 2598 Ergo

327 2620 397 2656 per
422 2611 518 2646 nihil
544 2611 623 2647 tale
650 2611 784 2655 potest
810 2620 955 2655 corpus
982 2610 1201 2656 gloriosum
1229 2620 1324 2646 esse
1352 2610 1467 2645 simul
1494 2610 1580 2652 <in>
1605 2610 1695 2646 loco
1723 2620 1811 2646 cum
1838 2611 1927 2647 alio.
1993 2625 2025 2648 «ω

467 2671 518 2705 18.
538 2669 636 2705 Item
650 2670 728 2705 duo
745 2670 837 2705 sunt
850 2678 1004 2714 genera
1024 2677 1255 2710 mensurae;
1278 2668 1439 2713 propria
1459 2669 1622 2710 scilicet,
1643 2679 1747 2713 quae
1768 2671 1831 2705 est
1849 2670 1972 2706 locus

328 2731 367 2764 et
393 2728 626 2769 communis,
653 2737 756 2773 quae
784 2729 846 2763 est
865 2729 1033 2772 tempus.
1084 2727 1273 2763 Mensura
1292 2727 1513 2763 communis
1535 2737 1596 2767 eo,
1624 2728 1727 2772 quod
1751 2728 1972 2764 communis

467 2843 506 2875 12
532 2843 797 2884 Philosophum]
822 2844 962 2883 tempus
1059 2844 1094 2875 21
1126 2844 1277 2883 generat
1301 2841 1408 2881 aliud]
1435 2843 1568 2883 aliquid
1592 2843 1676 2875 nihil

466 2958 476 2980 ¹
502 2960 632 2992 Locum
657 2969 727 2992 non
753 2960 881 2992 inveni.

463 3012 477 3033 2'
503 3013 589 3045 Nam
615 3013 870 3045 contrariorum
897 3013 1020 3045 eadem
1048 3012 1207 3044 scientia.
1262 3011 1368 3044 Anat.
1395 3013 1511 3045 Prior.
1539 3013 1561 3050 l,
1588 3014 1630 3045 35
1656 3013 1739 3052 (36).

464 3065 479 3087 3
504 3065 664 3106 Metaph.
690 3066 761 3105 Vll,
787 3066 816 3098 8.
867 3065 935 3097 Cir.
962 3065 1217 3103 Baeumker,
1246 3064 1399 3097 Materte
1424 3066 1499 3097 284.
