2095 3459
766 212 938 250 Quaestio
966 214 1112 245 xxxix.
1711 208 1778 243 215

105 320 210 356 quae
236 311 475 355 imprimitur
502 311 541 346 in
570 320 696 347 sensu
724 313 764 346 et
792 311 939 346 deinde
976 310 1015 345 in
1052 310 1205 355 spiritu,
1245 320 1317 354 per
1354 319 1474 354 quam
1512 318 1580 345 res
1620 308 1780 344 videtur

104 379 304 415 praesens
344 371 384 406 et
419 370 619 416 cogItatur
655 371 821 409 absens,
861 371 901 406 et
935 379 980 405 re
1017 370 1238 414 praesente
1273 370 1337 405 est
1368 369 1471 404 ratio
1499 367 1778 414 cognoscendi

105 428 354 465 sensibiliter
390 430 430 465 et
462 438 506 464 re
539 429 712 464 absente
746 437 819 473 per
851 429 1003 464 motum
1032 437 1056 463 a
1083 437 1208 464 sensu
1234 427 1383 464 factum
1412 428 1475 463 est
1500 428 1602 463 ratio
1631 436 1779 472 cogno-

105 488 247 524 scendi
275 488 538 533 spiritualiter
565 488 630 523 vel
657 487 908 533 imaginarie.
958 487 1005 522 Et
1040 490 1142 523 haec
1179 487 1341 532 species
1377 487 1433 522 ita
1469 488 1532 522 est
1566 486 1606 521 in
1632 486 1778 526 anima,

67 555 82 579 5
106 546 213 593 quod
240 557 321 583 non
348 557 428 589 res,
456 548 571 584 cuius
599 549 672 583 est.
722 547 842 592 Lapis
877 547 985 582 enim
1020 556 1102 582 non
1140 548 1203 582 est
1239 547 1278 582 in
1316 546 1463 587 anima,
1503 546 1576 581 sed
1616 545 1778 590 species

103 607 260 652 lapidis.

244 667 334 702 Alia
361 668 424 702 est
451 666 614 711 species
640 665 939 706 intellectualis,
968 666 1055 701 sive
1083 675 1188 710 quae
1210 666 1274 701 est
1300 665 1340 700 in
1362 664 1450 700 acie
1472 664 1778 709 intelligentiae,

105 726 192 762 sive
229 735 334 771 quae
371 727 434 762 est
469 726 509 761 in
542 727 738 761 thesauro
771 725 1059 761 intellectualis
1087 725 1321 760 memoriae.
1371 723 1418 759 Et
1444 724 1547 759 haec
1574 723 1780 759 invenitur

105 795 181 821 sex
204 785 352 821 modis:
379 785 449 821 Est
477 785 585 821 enim
607 785 808 830 quaedam
830 784 992 829 species
1012 785 1229 824 abstracta,
1257 783 1459 828 quaedam
1480 783 1631 821 innata.
1658 792 1780 827 quae-

55 856 85 881 ιο
106 845 197 880 dam
222 844 436 890 impressa,
476 844 677 890 quaedam
706 852 916 888 expressa,
944 843 1147 887 quaedam
1174 842 1327 883 relicta,
1367 842 1569 886 quaedam
1596 841 1778 877 collecta.

244 903 343 939 Dico
378 904 638 943 abstractam,
679 911 785 946 quae
812 902 863 937 ab
889 901 1068 947 imagine
1095 901 1277 937 hauritur
1305 901 1344 937 et
1376 901 1571 946 paulatim
1607 900 1778 945 proiicit,

105 962 239 998 donec
263 962 488 998 intellectui
513 962 685 998 uniatur.
735 961 783 996 Et
808 970 881 1006 pro
908 962 1021 996 tanto
1050 960 1193 996 dicitur
1229 960 1337 1005 quod
1373 960 1630 996 substantiae
1666 959 1779 1004 spiri—

106 1021 236 1058 tuales
263 1031 336 1067 per
362 1031 408 1058 se
436 1023 530 1058 sunt
555 1021 830 1066 intelligibiles
868 1021 908 1056 et
943 1020 1271 1065 Philosophus
1299 1019 1466 1062 <dicit>1
1495 1019 1603 1064 quod
1636 1018 1678 1054 in
1704 1018 1777 1060 his,

108 1090 212 1126 quae
239 1082 333 1117 sunt
359 1081 447 1117 sine
474 1081 655 1122 materia,
685 1080 794 1116 idem
822 1081 885 1116 est
910 1080 1142 1126 intelligens
1170 1080 1209 1115 et
1238 1079 1346 1124 quod
1372 1078 1617 1124 intelligitur.
1667 1078 1778 1114 Idem

57 1151 88 1175 15
107 1139 130 1175 i.
153 1150 185 1176 e.
213 1140 397 1177 eiusdem
423 1140 606 1179 rationis,
641 1140 800 1175 habens
829 1139 985 1175 scilicet
1009 1139 1212 1175 rationem
1238 1138 1513 1184 intelligibilis.
1554 1137 1779 1174 secundum

109 1200 215 1244 quod
236 1201 299 1235 est
317 1200 358 1235 in
378 1200 468 1245 ipsa
488 1209 544 1235 re.
588 1199 706 1235 Unde
728 1198 997 1239 Avicenna‚
1024 1198 1082 1234 ΙΙΙ.
1109 1198 1336 1243 Metaph.2:
1365 1196 1568 1242 „Corpora
1594 1197 1778 1242 indigent

107 1259 394 1301 abstractione,
421 1259 555 1295 donec
581 1259 647 1294 ab·
664 1265 675 1301 ιι
692 1258 896 1294 strahatur
921 1258 972 1294 ab
1001 1258 1059 1293 eis
1086 1258 1270 1299 intentio,
1305 1266 1410 1302 quae
1438 1256 1568 1301 possit
1593 1255 1775 1301 intelligi.
1797 1252 1858 1284 fol.
1887 1253 1988 1285 58rb

109 1316 368 1353 Substantiae
394 1327 494 1353 vero
523 1318 740 1362 separatae
767 1326 850 1352 non
885 1316 1069 1362 indigent
1100 1316 1249 1361 aliquo,
1289 1317 1331 1352 ut
1365 1315 1643 1361 intelligantur
1681 1324 1776 1351 esse

108 1376 151 1411 ut
177 1377 270 1412 sunt
296 1378 336 1413 et
371 1376 567 1423 sigilletur
601 1376 738 1412 anima
772 1384 846 1421 per
881 1377 986 1411 eas.“
1037 1375 1085 1411 Et
1122 1376 1226 1411 haec
1265 1375 1429 1420 species
1469 1375 1676 1411 abstracta
1714 1375 1778 1410 est

55 1445 89 1471 20
106 1444 242 1471 rerum
268 1436 548 1483 corporalium.

246 1494 345 1531 Dico
373 1495 556 1540 speciem
581 1495 763 1530 innatam
797 1494 1009 1530 notionem
1043 1494 1204 1530 animae
1238 1494 1508 1534 concreatam,
1548 1493 1652 1529 sicut
1684 1493 1779 1529 dicit

108 1553 458 1596 Damascenus,
486 1564 572 1599 cap.
593 1554 643 1596 13,
670 1554 779 1599 quod
806 1554 983 1600 cognitio
1012 1553 1218 1590 existendi
1237 1553 1368 1589 Deum
1395 1553 1582 1588 omnibus
1609 1553 1660 1589 ab
1686 1552 1776 1597 ipso

108 1613 345 1649 naturaliter
382 1613 539 1649 inserta
577 1615 649 1649 est.
710 1612 758 1648 Et
795 1613 898 1649 haec
941 1613 1160 1657 aliquando
1199 1613 1370 1648 vocatur
1407 1612 1519 1648 notio
1564 1612 1776 1656 impressa,

110 1671 213 1707 sicut
249 1672 344 1708 dicit
379 1672 698 1719 Augustinus,
730 1672 792 1708 IX.
819 1672 878 1708 De
915 1672 1035 1715 Trin„
1071 1682 1157 1717 cap.
1183 1673 1249 1708 54:
1287 1671 1472 1716 „Necque
1510 1671 1550 1707 in
1589 1671 1776 1707 omnibus

56 1742 90 1767 25
109 1731 239 1773 bonis,
278 1741 383 1776 quae
420 1731 746 1773 commemoravi,
785 1730 894 1766 aliud
930 1731 1009 1766 alio
1045 1731 1319 1769 iudiearemus
1354 1730 1509 1771 melius,
1548 1730 1627 1765 nisi
1666 1731 1778 1766 esset

110 1790 228 1826 nobis
254 1791 456 1836 impressa
482 1791 593 1827 notio
629 1791 756 1835 ipsius
794 1790 924 1826 boni.“
974 1789 1022 1825 Et
1057 1790 1116 1826 sic
1151 1790 1455 1836 cognoscuntur
1489 1798 1563 1834 per
1599 1789 1777 1825 similitu-

111 1849 246 1885 dinem
282 1850 418 1886 omnia
450 1850 568 1886 nobis
600 1850 837 1886 naturaliter
864 1849 1037 1895 cognita,
1077 1849 1181 1885 sicut
1207 1849 1257 1885 de
1283 1849 1466 1885 bonitate
1504 1850 1544 1884 et
1576 1848 1778 1893 sapientIa

111 1908 255 1947 dicitur
279 1908 321 1944 II.
348 1909 407 1945 De
433 1909 579 1945 Libero
605 1909 793 1945 Arbitrio
805 1912 829 1945 5.

249 1967 495 2013 Impressam
521 1968 623 2009 dico,
651 1977 755 2013 quae
782 1968 942 2004 animae
971 1977 1024 2004 ex
1047 1969 1231 2013 tempore
1252 1967 1420 2009 accedit,
1448 1967 1536 2003 sive
1557 1967 1606 2003 ab
1628 1967 1775 2013 angelo

59 2044 92 2069 30
112 2025 199 2061 sive
226 2035 251 2062 a
275 2026 374 2062 Deo.
432 2027 493 2063 Ab
530 2026 688 2072 angelo,
729 2026 833 2062 sicut
870 2026 1015 2062 dicitur
1051 2026 1092 2061 in
1130 2026 1188 2061 ΙΙΙ.
1226 2026 1407 2071 Metaph.
1444 2026 1776 2062 Avicennaesst

114 2084 252 2128 „Quod
278 2095 354 2122 nos
382 2086 531 2122 scimus
559 2086 608 2121 de
636 2085 874 2121 substantiis
902 2086 1102 2130 separatis
1132 2087 1204 2127 est,
1232 2085 1327 2130 quia
1347 2095 1421 2121 nos
1442 2085 1706 2130 imprimimur
1725 2086 1776 2121 ab

113 2144 184 2180 eis.
235 2144 350 2185 Quod
377 2146 485 2181 enim
509 2154 586 2181 nos
611 2145 888 2190 imprImamur
912 2145 963 2180 ab
1000 2145 1072 2186 eis,
1109 2145 1188 2181 hoc
1223 2146 1286 2180 est
1321 2154 1396 2180 nos
1434 2144 1538 2180 scire
1575 2146 1680 2180 eas.“
1731 2144 1778 2180 Et

114 2203 176 2239 sic
193 2204 313 2239 etiam
335 2204 594 2250 cognoscitur
607 2204 716 2240 Deus
738 2212 813 2249 per
833 2204 1146 2240 similitudinem.
1184 2204 1301 2240 Unde
1316 2204 1375 2239 De
1394 2204 1502 2239 Prin.
1517 2203 1579 2245 IX,
1596 2213 1681 2249 cap.
1698 2205 1775 2239 11⁷.

115 2261 235 2305 „Cum
261 2262 389 2299 Deum
415 2263 614 2305 novimus,
639 2263 685 2298 fit
711 2263 850 2308 aliqua
876 2263 1093 2299 similitudo
1121 2263 1196 2299 Dei
1220 2263 1288 2298 illa
1313 2262 1488 2298 notitia.“

61 2338 93 2364 35
252 2321 350 2358 Dico
378 2322 678 2358 similitudinem
705 2332 956 2367 expressam,
989 2322 1093 2358 sicut
1119 2332 1209 2358 cum
1236 2331 1296 2362 ea,
1329 2331 1434 2366 quae
1461 2324 1554 2358 sunt
1580 2322 1777 2358 essentia-

112 2380 202 2416 liter
227 2380 268 2416 in
293 2381 438 2423 anima,
465 2382 695 2426 exprimunt
722 2391 837 2417 suam
864 2381 1165 2417 similitudinem
1185 2381 1226 2417 in
1246 2381 1335 2417 acie
1356 2380 1659 2426 intelligentiae,
1686 2391 1776 2417 cum

113 2440 207 2475 actu
231 2439 518 2485 intelliguntur,
546 2441 586 2476 et
610 2440 702 2484 ipsa
726 2440 864 2476 anima
888 2440 953 2475 vel
980 2449 1095 2475 mens
1122 2439 1163 2475 in
1191 2449 1236 2475 se
1262 2439 1363 2484 ipsa.
1413 2439 1530 2475 Unde
1548 2440 1777 2485 Augusti-

113 2508 219 2541 nus,
244 2498 305 2534 IX.
332 2499 390 2535 De
421 2499 541 2542 Trin„
567 2501 768 2544 cap.118:
811 2499 946 2543 „Mens
985 2509 1076 2535 cum
1114 2508 1159 2535 se
1197 2499 1329 2544 ipsam
1367 2498 1489 2540 novit,
1530 2500 1593 2534 est
1631 2499 1776 2535 eadem

115 2557 257 2594 notitia
270 2559 440 2593 verbum
461 2558 580 2594 eius.“
613 2557 661 2593 Et
680 2558 816 2594 infra:
838 2557 976 2601 „Quod
997 2558 1047 2593 de
1068 2558 1135 2593 illa
1156 2557 1394 2602 exprimitur
1413 2557 1453 2593 in
1474 2558 1775 2603 cognoscendo,

62 2633 97 2658 40
117 2616 249 2652 eidem
282 2618 562 2661 coaequatur.“
617 2616 665 2652 Et
698 2617 1020 2659 <Ans·elmus>,
1057 2616 1225 2659 Monoi.5
1262 2616 1317 2652 30.
1346 2619 1478 2661 cap.9:
1518 2616 1775 2659 „Nullatenus

115 2675 259 2720 negari
294 2676 441 2720 potest,
480 2685 569 2711 cum
607 2685 722 2711 mens
760 2675 972 2712 rationalis
1009 2685 1054 2711 se
1088 2675 1219 2720 ipsam
1256 2676 1546 2721 cognoscendo
1580 2675 1775 2721 intelligit,

256 2792 274 2824 8
300 2793 343 2824 Et
367 2792 457 2824 haec
483 2791 673 2830 invenitur]
701 2791 856 2823 additur
879 2791 921 2823 in
946 2791 1119 2831 margine
1214 2790 1255 2823 31
1283 2789 1528 2830 imprimimur]
1563 2790 1776 2830 imprimitur

117 2845 163 2877 36
187 2844 403 2885 exprimunt]
430 2845 663 2885 exprimimus
761 2844 803 2876 40
829 2843 885 2883 30]
912 2844 953 2876 33

257 2961 269 2984 1
294 2962 331 2994 L.
359 2971 384 2994 c.
410 2963 496 2995 nota
523 2964 552 3002 5,
573 2971 606 3002 p.
629 2963 706 2994 213.
786 2960 816 2996 οἳ
839 2961 1003 3002 Metaph.
1030 2958 1082 3000 III,
1105 2961 1134 2993 8.
1230 2959 1244 2983 3
1270 2960 1340 2993 Cir.
1367 2969 1478 3001 supra
1502 2970 1536 3000 p.
1565 2960 1617 2998 85,
1644 2961 1715 2993 not.
1744 2961 1773 2992 7.

255 3013 271 3036 4
294 3014 435 3046 Ibidem
459 3015 530 3047 not.
558 3014 587 3046 8.
727 3013 742 3036 5
769 3014 908 3046 Ibidem
932 3014 1004 3046 not.
1032 3014 1062 3046 9.
1205 3012 1218 3034 ‘⁵
1245 3013 1361 3054 Supra
1387 3022 1421 3053 p.
1448 3013 1502 3052 86,
1528 3014 1599 3045 not.
1628 3012 1657 3044 2.

257 3065 271 3088 ⁷
295 3066 435 3099 Ibidem
460 3068 532 3099 not.
559 3067 589 3099 3.
729 3065 744 3088 3
768 3066 909 3099 Ibidem
933 3068 1005 3098 not.
1033 3067 1051 3098 4
1080 3068 1115 3098 et
1142 3067 1170 3098 5.
1311 3064 1326 3087 9
1350 3065 1492 3097 Ibidem
1516 3066 1587 3097 not.
1616 3065 1645 3097 6.
