2095 3459
262 489 295 523 B
301 516 309 523 .

119 1118 161 1154 C.
174 1118 318 1154 XXIX.

116 1816 165 1851 D.
181 1816 324 1853 XXIX.

118 1956 179 1987 fol.
202 1956 269 1988 192⁷
282 1965 307 1988 a

336 187 402 225 196
853 197 1030 230 ‹lohannis
1056 198 1224 232 Pechami
1250 198 1500 236 Quaestiones.

476 291 507 326 2.
535 291 636 327 Item
671 292 712 327 in
749 293 894 328 eodem
931 294 1084 329 librolt
1124 295 1202 338 „Eo
1238 296 1328 341 ipso
1364 297 1451 333 eius
1487 296 1622 342 imago
1659 297 1732 339 est,
1772 306 1851 341 quo
1879 305 2010 341 capax

335 348 423 384 eius
451 350 549 385 est“.

474 409 506 443 3.
532 408 632 444 Item
650 409 761 446 Deus
777 412 841 446 est
856 411 1062 448 obiectum
1076 413 1264 459 imaginis
1285 414 1563 450 recreationis.
1589 414 1694 460 Ergo
1718 415 1758 450 et
1778 414 2010 450 creationis.

1089 495 1269 532 Contra.

474 563 504 597 1.
532 562 592 598 De
613 563 775 599 ratione
796 563 985 610 imaginis
1008 567 1070 602 est
1089 566 1374 603 indelebilitas.
1402 567 1481 603 Sed
1499 568 1756 604 indelebilior
1772 569 1835 604 est
1848 567 2009 604 animae

333 621 533 657 memoria
560 622 623 657 sui
650 632 773 667 quam
800 623 886 659 Dei.

472 681 504 715 2.
531 681 632 717 Item
657 682 884 718 secundum
911 683 1020 727 quod
1043 685 1296 720 convertitur
1315 685 1449 721 anima
1470 695 1594 730 supra
1614 695 1671 727 se,
1699 686 1763 721 est
1783 685 2010 730 aequalitas

330 739 447 775 verbi
472 749 564 775 cum
590 749 652 782 eo,
680 741 731 776 de
759 750 839 785 quo
868 742 1062 778 nascitur.
1102 742 1184 779 Sed
1204 753 1286 779 non
1308 743 1376 785 sic,
1403 753 1493 779 cum
1523 744 1709 790 intelligit
1739 744 1879 786 Deum,
1908 745 2011 780 sicut

330 798 427 834 dicit
453 798 779 844 Augustinus,
806 800 867 835 De
899 800 1007 836 Trin.
1035 801 1080 843 V,
1106 811 1193 846 cap.
1221 803 1276 837 22.

471 859 503 893 3.
534 857 635 893 Item
662 858 759 894 dicit
785 859 1117 904 Augustinus,
1143 860 1202 895 De
1234 860 1353 902 Trin„
1381 861 1497 903 XVII,
1517 871 1602 906 cap.
1623 863 1688 898 63:
1718 862 1809 905 „Illa
1829 871 1933 906 quae
1954 862 2010 897 ita

329 916 522 957 sciuntur,
561 918 604 952 ut
630 927 839 963 nunquam
867 919 1062 955 excidere
1089 919 1260 964 possint,
1294 920 1485 964 quoniam
1511 921 1748 965 praesentia
1773 922 1868 957 sunt
1894 922 1934 957 et
1959 921 2010 956 ad

327 974 456 1019 ipsius
479 976 652 1018 (animi)
679 978 867 1013 naturam
893 977 1111 1022 pertinent,
1138 979 1181 1013 ut
1209 979 1273 1014 est
1299 978 1349 1019 id,
1376 980 1483 1023 quod
1510 990 1587 1016 nos
1612 980 1753 1016 vivere
1781 981 1943 1022 scimus,
1971 981 2012 1016 et

328 1033 363 1068 si
389 1043 497 1078 quae
518 1035 781 1079 reperiuntur
807 1036 899 1078 alia,
926 1037 967 1072 in
995 1037 1140 1082 quibus
1168 1037 1302 1082 imago
1330 1038 1405 1073 Dei
1430 1039 1566 1083 potius
1592 1039 1789 1076 intuenda
1814 1041 1909 1076 est.“

584 1118 842 1163 Responsio
869 1120 954 1161 <ad
981 1120 1301 1164 quaestionem
1326 1121 1767 1164 undetricesimam>.

471 1194 534 1229 Ad
569 1195 741 1239 primam
777 1196 1065 1241 quaestionem
1102 1197 1317 1233 dicendum
1356 1198 1464 1242 quod
1500 1198 1634 1244 imago
1672 1198 1858 1234 consistit
1883 1199 1923 1234 ln
1949 1199 2011 1234 his

330 1253 458 1288 tribus
486 1254 694 1298 potentiis,
729 1256 957 1291 secundum
983 1256 1093 1300 quod
1119 1257 1407 1301 comparantur
1432 1257 1484 1292 ad
1510 1257 1708 1293 unitatem
1736 1258 1943 1294 essentiae
1970 1260 2012 1293 et

330 1312 605 1356 pluralitatem
633 1315 808 1350 actuum.
860 1313 1148 1359 Comparando
1171 1315 1279 1351 enim
1300 1315 1506 1360 potentias
1522 1317 1573 1352 ad
1589 1316 1798 1352 essentiae
1813 1317 2011 1352 unitatem

330 1372 392 1407 est
418 1372 604 1416 reperire
640 1373 1123 1415 consubstantialitatem,
1160 1374 1256 1419 quia
1281 1375 1490 1419 potentiae
1517 1375 1558 1411 in
1584 1385 1666 1411 una
1693 1375 1923 1411 substantia
1948 1385 2010 1411 ra-

331 1430 531 1466 dicantur.
582 1431 870 1477 Comparando
909 1442 980 1469 eas
1018 1433 1070 1469 ad
1096 1434 1231 1469 actum
1257 1433 1419 1470 animae
1448 1435 1512 1470 est
1536 1434 1718 1479 reperire
1747 1435 1945 1481 originem
1971 1435 2012 1470 et

329 1490 632 1535 aequalitatem.
689 1491 804 1527 Unus
845 1492 951 1528 enim
989 1493 1104 1528 actus
1132 1493 1196 1528 est
1222 1502 1349 1528 causa
1374 1493 1554 1535 alterius,
1591 1493 1695 1529 sicut
1720 1496 1835 1530 actus
1862 1502 2011 1530 memo-

330 1548 416 1585 riae
445 1559 573 1586 causa
600 1552 665 1586 est
690 1550 987 1597 intelligentiae
1016 1551 1286 1596 exprimendo
1313 1551 1355 1587 ln
1380 1551 1469 1587 acie
1496 1552 1791 1598 intelligentiae
1818 1553 1869 1594 id,
1904 1553 2010 1597 quod

330 1610 394 1644 est
432 1609 473 1645 in
512 1609 707 1646 thesauro
747 1611 983 1652 memoriae,
1020 1612 1061 1646 et
1098 1612 1149 1647 ab
1188 1610 1457 1656 intelligentia
1494 1611 1681 1656 procedit
1714 1611 2012 1656 complacentia

329 1668 493 1704 amoris.
544 1668 592 1704 Et
629 1670 735 1706 haec
770 1670 835 1706 est
873 1671 1075 1715 quaedam
1115 1669 1356 1715 aequalitas,
1383 1670 1525 1714 <quia>
1553 1670 1602 1706 de
1630 1670 1810 1715 quolibet
1841 1670 2011 1706 istorum

329 1727 515 1772 sequitur
541 1729 687 1764 modus
715 1729 895 1765 alterius.

530 1811 702 1849 Solutio
731 1813 1021 1849 obiectorum
1047 1813 1356 1858 <quaestionis
1381 1812 1805 1853 undetricesimae>.

470 1890 501 1925 1.
528 1889 591 1925 Ad
617 1889 793 1934 primum
819 1890 1023 1926 obiectum
1049 1891 1173 1935 patet.

469 1949 502 1986 2.
540 1948 603 1986 Ad
643 1949 872 1985 secundum
898 1949 1126 1991 dicendum,
1145 1953 1158 1992 Η
1178 1949 1282 1986 sicut
1314 1949 1451 1985 dicunt
1482 1948 1642 1993 aliqui4‚
1680 1948 1789 1994 quod
1814 1948 2012 1984 memoria

327 2006 456 2048 <sicut
493 2007 583 2050 hic>
620 2009 838 2053 reparatur
874 2018 951 2054 per
988 2008 1181 2054 speciem,
1221 2008 1280 2044 sic
1317 2008 1359 2044 in
1394 2008 1526 2053 patria
1560 2017 1635 2052 per
1668 2007 1906 2049 tentionem,
1943 2007 2011 2043 ubi

327 2066 439 2102 Deus
466 2066 542 2102 erit
569 2067 794 2103 intellectui
813 2068 1023 2112 plenitudo
1044 2068 1157 2109 lucis,
1185 2067 1384 2104 voluntati
1405 2066 1616 2103 multitudo
1637 2066 1762 2111 pacis,
1789 2066 2011 2102 memoriae

327 2125 582 2162 continuatio
609 2126 869 2163 aeternitatis
882 2130 907 2163 5.
960 2127 1064 2168 Quia
1089 2127 1209 2173 igitur
1236 2127 1352 2163 actus
1374 2126 1597 2162 memoriae
1621 2126 1688 2162 ‘est
1713 2126 1867 2167 tenere,
1894 2126 2009 2161 actus

327 2184 418 2229 spei
446 2185 510 2221 est
537 2187 775 2230 expectare,
804 2187 844 2222 et
870 2186 911 2222 in
937 2186 1005 2222 via
1031 2186 1229 2222 memoria
1254 2185 1510 2222 aeternitatis
1536 2184 1814 2230 praesentiam
1840 2194 1923 2220 non
1945 2185 2012 2220 ha-

326 2243 408 2284 bet,
435 2243 531 2279 ideo
569 2253 644 2289 per
670 2244 792 2280 aliam
819 2245 901 2280 vim
929 2245 1151 2290 suppletur,
1188 2245 1296 2289 quod
1323 2244 1364 2279 in
1390 2253 1441 2280 ea
1467 2244 1600 2279 minus
1627 2243 1843 2279 invenitur.
1892 2242 2010 2279 Unde

329 2311 438 2346 spes,
466 2303 654 2347 quamvis
683 2303 735 2339 sit
760 2303 802 2339 in
829 2303 909 2340 alia
935 2304 986 2345 vi,
1013 2304 1150 2340 tamen
1176 2304 1342 2348 reparat
1367 2302 1617 2344 memoriam,
1644 2312 1727 2338 non
1752 2301 2010 2338 informando

326 2360 470 2406 ipsam,
510 2362 586 2398 sed
624 2362 984 2407 recompensando
1023 2372 1097 2407 pro
1132 2363 1233 2407 ipsa.
1283 2362 1383 2398 Item
1419 2361 1617 2397 memoria
1642 2361 1683 2397 in
1710 2370 1756 2397 se
1781 2361 1907 2397 habet
1931 2369 2012 2396 ma-

326 2420 488 2456 terialia
525 2421 624 2457 fidei
663 2421 769 2458 sicut
802 2422 965 2457 habitus
1006 2421 1217 2463 scientiae,
1257 2422 1298 2457 et
1335 2430 1408 2466 per
1433 2421 1512 2457 hoc
1537 2420 1761 2456 formaliter
1785 2420 2008 2464 reparatur.

326 2479 441 2515 Fidei
466 2480 607 2516 tamen
633 2479 766 2516 forma
792 2482 857 2517 est
882 2481 923 2516 in
958 2480 1169 2516 intellectu
1196 2480 1258 2516 vel
1288 2480 1328 2516 in
1354 2480 1566 2515 voluntate
1599 2479 1825 2515 secundum
1850 2477 2011 2524 Hugo-

328 2548 448 2574 nem.
499 2539 585 2577 Nec
624 2540 763 2584 potest
801 2549 899 2576 esse
938 2540 1062 2584 plena
1101 2538 1469 2584 correspondentia
1506 2537 1694 2583 imaginis
1722 2536 1943 2573 creationis
1971 2537 2011 2572 et

327 2598 611 2640 recreationis,
651 2598 747 2643 quia
784 2597 890 2634 fides
930 2599 971 2634 et
1009 2607 1106 2643 spes
1145 2598 1351 2643 potentias
1389 2598 1585 2642 reparant
1610 2596 1850 2641 imperfecto
1876 2596 2009 2631 modo.

471 2696 513 2728 10
540 2695 614 2735 illa]
642 2696 729 2729 add.
750 2697 791 2729 in
811 2705 932 2736 τηαν-9.
1004 2697 1044 2728 11
1073 2695 1256 2735 excidere]
1283 2696 1432 2728 credere
1505 2695 1546 2727 13
1573 2693 1657 2733 alia]
1684 2694 1756 2726 alia
1828 2693 1870 2725 26
1897 2692 2010 2734 patet]

329 2749 485 2781 additur
521 2751 601 2782 tam
638 2750 679 2783 in
711 2751 811 2782 textu
847 2758 963 2790 quam
997 2750 1038 2782 in
1072 2750 1247 2789 maryine
1282 2749 1434 2789 sianum
1469 2747 1727 2780 ommis-sionis
1752 2745 1820 2786 (⁴¹),
1856 2746 1924 2779 sed
1956 2746 2011 2778 m‘l

328 2802 498 2835 ulterius.
598 2803 641 2836 28
669 2802 734 2842 sic]
762 2803 855 2835 sicut

470 2895 482 2917 1
508 2897 564 2929 PL
592 2897 647 2936 42,
675 2897 775 2930 1044.
920 2895 935 2918 2
960 2897 1016 2936 IX,
1046 2897 1084 2928 11
1114 2895 1184 2935 [PL
1211 2895 1265 2935 42,
1293 2896 1369 2935 970,
1396 2905 1428 2928 n.
1459 2894 1527 2935 16).

469 2948 483 2969 3
508 2949 581 2985 XV.
609 2951 653 2981 15
680 2947 751 2989 (PL
777 2950 831 2989 42,
861 2949 950 2982 1078
976 2958 1010 2982 n.
1038 2948 1107 2989 25).

466 3000 480 3023 4
506 3003 593 3035 Erat
619 3003 803 3035 sententia
828 3003 911 3035 tunc
939 3002 1148 3035 communis.
1200 3000 1374 3034 Videatur
1399 3001 1562 3034 scholion
1587 3001 1609 3033 l.
1636 3009 1665 3033 c.
1692 3007 1775 3041 pag.
1804 2999 1857 3032 82.

468 3054 483 3076 5
509 3055 782 3095 Rex-nardus,
810 3056 855 3088 In
883 3056 987 3088 Cant.
1016 3055 1132 3091 Cant„
1161 3053 1290 3087 Sermo
1318 3055 1370 3093 11,
1397 3063 1429 3086 n.
1459 3055 1477 3086 5
1504 3049 1575 3096 (PL
1602 3053 1679 3092 183,
1707 3051 1772 3085 826
1798 3050 1851 3091 B).

2031 867 2064 891 10

2033 1208 2064 1232 15

2031 1503 2064 1528 20

2030 2139 2063 2164 30

2030 2433 2062 2458 35
