2095 3459
792 185 964 223 Quaestio
990 187 1041 219 lli.
1719 186 1759 220 31

234 281 266 317 6.
294 281 391 317 Item
421 283 575 317 certum
603 284 676 323 est,
716 284 823 328 quod
864 284 983 319 homo
1024 284 1275 329 concupiscit
1310 284 1548 320 naturaliter
1582 294 1632 321 ea
1658 295 1763 330 quae

96 341 189 377 sunt
217 340 454 376 naturaliter
481 342 684 377 contraria
711 342 842 378 saluti.
895 343 1083 388 Arguitur
1110 343 1247 389 igitur:
1285 342 1324 378 Si
1352 343 1473 379 homo
1501 346 1686 380 movetur
1712 345 1763 380 ad

95 400 243 436 malum
270 400 509 435 naturaliter
534 402 630 436 ante
659 411 820 437 omnem
848 403 999 438 motum
1028 403 1186 443 malum,
1215 412 1312 448 ergo
1339 402 1484 447 aliquis
1512 403 1671 439 habitus
1700 406 1763 439 est

96 459 134 494 in
175 459 338 494 homine
378 459 578 495 inclinans
617 460 667 496 ad
708 460 865 496 malum.
918 460 995 497 Sed
1035 462 1193 497 habitus
1222 461 1421 497 inclinans
1448 463 1499 498 ad
1527 463 1673 498 malum
1702 465 1765 499 est

60 525 76 550 5
97 518 237 554 malus.
286 517 391 563 Ergo
418 519 514 554 ante
543 528 704 555 omnem
732 521 863 555 actum
892 520 932 556 in
955 521 1117 556 homine
1141 523 1204 557 est
1224 521 1383 556 habitus
1405 521 1545 558 malus.
1585 522 1763 562 Quaero:

96 587 121 614 a
155 587 234 622 quo
272 577 494 613 causatur?
543 578 631 614 Non
658 580 709 614 ab
736 579 815 615 alio
843 580 1020 620 arbitrio,
1060 581 1154 625 quia
1180 580 1329 616 nullum
1358 581 1509 617 motum
1536 582 1601 617 vel
1628 583 1761 618 actum

96 636 283 673 habuerit
309 638 405 672 ante
434 637 604 682 primum
631 639 802 681 motum;
844 648 921 674 nec
947 649 971 675 a
998 640 1076 675 deo
1103 640 1223 681 bono,
1250 641 1293 675 ut
1318 639 1482 684 planum
1511 642 1589 684 est;
1630 650 1706 677 nec
1739 651 1764 677 a

97 697 175 732 deo
202 696 309 732 malo
331 696 370 732 in
393 696 577 732 subiecto
598 697 719 739 bono,
747 697 842 742 quia
861 698 956 734 tunc
977 699 1078 734 deus
1099 699 1231 734 bonus
1252 700 1444 744 peccaret
1464 700 1763 736 consentiendo

97 756 176 792 deo
203 756 310 791 malo
323 758 345 791 1.
394 754 499 801 Ergo
527 755 604 791 iste
632 756 792 792 habitus
819 756 864 792 fit
890 766 914 793 a
940 758 1018 794 deo
1046 758 1151 793 malo
1180 758 1219 793 in
1247 758 1430 794 subiecto
1470 759 1587 795 malo.
1636 759 1684 795 Et
1709 759 1765 796 ita

47 821 78 846 10
97 814 137 850 in
163 815 328 851 homine
357 816 450 850 sunt
475 815 580 850 duae
607 815 779 852 animae.

236 875 267 910 7.
295 873 393 909 Item
420 873 810 911 Commentator
837 876 888 911 de
916 876 1051 912 causis
1073 876 1212 912 dicit2:
1251 877 1358 921 quod
1395 879 1606 914 causatum
1634 879 1698 914 est
1723 878 1763 914 in

98 943 172 969 sua
199 943 334 970 causa.
385 933 465 970 Sed
492 934 569 969 iste
597 934 757 971 habitus
786 937 849 970 est
875 944 1000 971 causa
1027 936 1131 971 mali.
1181 935 1284 981 Ergo
1311 936 1400 981 ipse
1428 936 1588 973 habitus
1623 939 1685 973 est
1723 938 1763 974 in

98 1002 144 1028 se
172 993 312 1029 malus.
361 992 409 1029 Et
434 993 490 1029 ita
515 994 557 1029 ut
583 993 704 1038 prius.

236 1053 268 1088 8.
295 1051 394 1088 Item
421 1053 552 1088 omnis
573 1052 734 1089 habitus
757 1054 820 1089 est
840 1054 891 1090 ab
913 1054 1047 1099 aliquo
1071 1047 1288 1090 efficiente.
1326 1054 1431 1101 Ergo
1453 1055 1613 1092 habitus
1635 1056 1764 1092 malus

47 1118 79 1142 1⁵
99 1112 149 1148 ab
177 1111 384 1148 efficiente
410 1112 528 1148 malo.
580 1112 659 1148 Sed
687 1122 770 1149 non
796 1122 821 1149 a
845 1113 975 1149 libero
1002 1114 1179 1149 arbitrio.
1235 1113 1340 1160 Ergo
1369 1116 1443 1151 etc.

237 1171 269 1206 9.
295 1170 394 1207 Item
412 1171 560 1216 aliquid
579 1172 642 1207 est
662 1172 701 1207 in
717 1172 882 1208 homine
898 1173 1005 1217 quod
1026 1174 1296 1209 remurmurat
1315 1174 1421 1210 malo
1445 1174 1484 1209 et
1498 1174 1582 1209 vult
1601 1174 1765 1210 bonum.

98 1229 259 1275 Aliquid
280 1230 401 1266 etiam
428 1231 491 1266 est
517 1230 558 1266 in
583 1231 748 1267 homine
775 1232 883 1276 quod
903 1231 988 1267 vult
1009 1232 1156 1268 malum
1178 1233 1219 1268 et
1238 1232 1405 1268 inclinat
1425 1233 1477 1269 ad
1497 1233 1639 1278 ipsum.
1685 1232 1765 1269 Sed

100 1289 284 1334 simplex,
306 1299 562 1335 quocumque
584 1290 844 1333 convertitur,
865 1291 951 1327 tota
972 1291 1222 1327 convertitur
1232 1294 1256 1327 3.
1294 1291 1399 1337 Ergo
1421 1292 1557 1328 anima
1576 1293 1662 1328 tota
1681 1292 1766 1328 vult

98 1348 250 1384 bonum
289 1350 329 1385 et
365 1350 451 1385 tota
488 1350 573 1385 vult
610 1350 769 1386 malurn.
818 1349 923 1396 Ergo
963 1352 1057 1386 sunt
1095 1351 1149 1387 ibi
1188 1351 1266 1387 duo
1305 1353 1390 1387 tota
1425 1352 1600 1388 diversa.
1652 1351 1765 1392 Quae

47 1419 81 1444 20
101 1407 237 1444 omnia
263 1409 357 1443 sunt
383 1408 491 1444 circa
516 1408 624 1444 idem
651 1409 929 1454 impossibilia.

240 1468 293 1503 10.
319 1467 418 1503 Item
443 1468 615 1504 liberum
641 1468 847 1504 arbitrium
875 1471 938 1505 est
963 1469 1214 1510 indifferens,
1254 1472 1295 1505 ut
1330 1471 1522 1515 operetur
1548 1471 1697 1506 bonum
1726 1471 1767 1506 et

100 1526 259 1562 malum.
310 1526 351 1563 Si
376 1527 496 1573 igitur
521 1528 635 1563 actus
663 1538 745 1564 non
773 1529 836 1564 est
859 1528 937 1564 nisi
958 1538 1016 1580 ex·
1030 1529 1180 1569 habitu,
1207 1529 1272 1565 isti
1292 1530 1407 1565 actus
1429 1530 1547 1565 erunt
1569 1538 1622 1565 ex
1643 1538 1767 1574 oppo-

100 1584 187 1621 sitis
214 1585 417 1622 habitibus
445 1588 486 1622 et
510 1587 673 1623 inerunt
699 1587 739 1623 in
768 1588 1005 1624 substantiis
1034 1588 1247 1624 contrariis
1276 1589 1350 1624 etc.
1400 1588 1531 1624 Prima
1550 1589 1764 1633 probatur:

100 1643 292 1688 quoniam
318 1654 401 1681 non
429 1646 492 1682 est
517 1646 632 1682 actus
659 1646 738 1682 nisi
765 1656 818 1682 ex
844 1647 992 1683 virtute
1018 1647 1213 1683 habituali
1239 1648 1449 1692 potentiae
1477 1647 1697 1692 operantis.

47 1714 80 1739 25
239 1704 292 1739 11.
319 1703 626 1749 Respondetur:
665 1706 857 1750 quoniam
892 1706 1062 1742 liberum
1088 1707 1295 1742 arbitrium
1323 1716 1405 1742 non
1433 1708 1496 1742 est
1522 1716 1648 1743 causa
1674 1707 1768 1743 mali

99 1762 228 1804 (nisi)
252 1762 294 1798 in
321 1765 516 1808 quantum
542 1764 760 1808 deficiens;
790 1765 1023 1801 defectibile
1051 1766 1189 1805 autem
1214 1766 1254 1801 in
1282 1767 1476 1811 quantum
1504 1775 1557 1802 ex
1584 1765 1720 1801 nihilo.

240 1821 407 1858 Contra:
434 1823 618 1859 defectus
638 1824 762 1860 habet
783 1833 949 1860 causam
972 1824 1233 1861 deficientem
1260 1825 1363 1861 sicut
1390 1824 1561 1861 effectus
1589 1823 1768 1861 efficien-

100 1881 193 1922 tem,
213 1878 307 1917 etin
321 1881 388 1917 illo
403 1891 558 1928 genere
580 1882 764 1925 effectus,
777 1904 823 1908 ——
838 1884 1265 1929 quo<modo>cumque
1288 1884 1453 1925 dicatur,
1474 1893 1548 1920 seu
1568 1884 1767 1929 positivus

101 1949 176 1976 seu
201 1940 436 1985 privativus,
456 1963 503 1966 —
523 1943 587 1978 est
612 1942 741 1978 maior
768 1952 842 1978 sua
869 1952 1004 1979 causa.
1046 1943 1127 1979 Sed
1153 1943 1440 1979 defectibilitas
1467 1943 1583 1979 liberi
1603 1943 1767 1982 arbitrii,

47 2010 81 2036 30
100 1999 141 2035 in
168 2000 363 2044 quantum
389 2009 442 2036 ex
467 2001 591 2037 nihilo
621 2002 693 2043 est,
733 2011 815 2037 non
854 2002 949 2038 dicit
981 2002 1186 2038 defectum
1212 2002 1252 2038 in
1278 2012 1433 2048 genere
1461 2002 1613 2038 mortis.
1662 2001 1767 2048 Ergo

101 2068 178 2095 nec
205 2059 280 2095 erit
306 2069 431 2095 causa
456 2059 626 2096 alicuius
653 2060 839 2100 defectus
867 2061 1059 2097 mortalis.
1109 2060 1214 2107 Ergo
1242 2062 1413 2106 oportet,
1451 2062 1558 2106 quod
1597 2062 1674 2097 iste
1702 2062 1769 2097 de-

99 2117 232 2154 fectus
258 2118 439 2155 mortalis
468 2119 520 2155 sit
543 2121 594 2156 ab
621 2120 757 2165 aliquo
783 2120 1022 2156 naturaliter
1048 2121 1166 2157 malo.
1215 2120 1262 2156 Et
1288 2121 1343 2156 ita
1370 2122 1412 2157 ut
1437 2121 1559 2166 prius.

241 2179 295 2214 12.
321 2178 420 2214 Item
447 2179 578 2214 omnis
615 2181 747 2215 motus
782 2179 989 2229 reducitur
1026 2181 1076 2216 ad
1115 2180 1291 2225 aliquem
1329 2181 1481 2216 motum
1519 2180 1689 2225 primum
1730 2181 1769 2215 ct

102 2246 246 2273 omnes
281 2239 461 2273 motores
497 2238 549 2274 ad
573 2248 697 2274 unum
724 2239 924 2275 motorem
958 2239 1141 2284 primum.
1190 2239 1294 2285 Ergo
1334 2240 1367 2275 si
1407 2239 1486 2275 sint
1521 2240 1599 2276 duo
1635 2239 1768 2275 motus

50 2306 83 2332 35
100 2292 142 2331 in
167 2296 333 2332 homine
360 2297 562 2339 contrarii,
597 2297 845 2334 reducentur
876 2299 927 2334 ad
955 2299 1057 2334 duos
1085 2299 1266 2334 motores
1294 2299 1445 2343 primos
1474 2298 1700 2335 contrarios
1729 2299 1769 2333 et

103 2355 302 2392 diversos.
350 2354 398 2391 Et
423 2356 483 2393 ita
506 2357 581 2392 etc.

243 2415 296 2450 13.
321 2414 421 2450 Item
448 2416 673 2451 secundum
699 2416 1068 2461 Philosophum
1103 2416 1243 2452 innata
1270 2418 1334 2452 est
1359 2417 1478 2453 nobis
1505 2417 1572 2453 via
1598 2426 1771 2462 cognos-

104 2472 223 2509 cendi
247 2473 377 2518 prima
400 2475 495 2518 post
520 2475 785 2519 posteriora4.
836 2474 952 2511 Unde
974 2475 1260 2521 cognoscimus
1281 2476 1507 2520 potentiam
1539 2485 1612 2521 per
1642 2476 1769 2512 actus.

103 2532 219 2568 actus
256 2533 393 2568 autem
430 2542 504 2578 per
543 2533 739 2570 obiecta-⁷2.
797 2533 902 2580 Ergo
942 2534 976 2570 si
1012 2535 1217 2579 appetitus
1255 2535 1456 2578 humanus
1495 2535 1618 2571 habet
1655 2534 1770 2579 plura

52 2607 86 2632 40
105 2591 276 2633 obiecta,
304 2591 459 2628 scilicet
476 2602 601 2628 unum
619 2593 782 2633 bonum,
803 2593 910 2629 aliud
930 2593 1089 2635 malum,
1113 2593 1209 2629 illud
1226 2593 1418 2629 fundatur
1439 2603 1562 2638 super
1582 2594 1768 2629 diversas

103 2650 308 2695 potentias
336 2651 377 2686 et
402 2643 663 2687 substantias.

245 2784 286 2816 11
313 2783 513 2823 causatum]
540 2785 700 2817 creatum
797 2785 838 2817 18
865 2784 1034 2826 simplex]
1061 2786 1270 2825 simpliciter
1366 2785 1407 2817 24
1435 2785 1518 2824 non]
1549 2785 1584 2823 -Ρ
1613 2794 1685 2817 non

246 2918 259 2941 1
286 2919 355 2952 Cfr.
381 2920 559 2960 Bonav.‚
589 2921 655 2962 Op.
681 2930 780 2954 omn.
806 2922 844 2960 II,
873 2922 936 2954 741
959 2922 991 2954 b.
1134 2920 1148 2942 2
1172 2921 1276 2961 Prop.
1305 2922 1345 2953 11
1373 2919 1422 2961 (p.
1452 2919 1543 2959 175).

246 2971 260 2994 3
284 2972 437 3013 Arist„
462 2973 514 3006 De
538 2973 677 3006 Anima
702 2975 755 3014 III,
783 2975 802 3007 7
829 2973 931 3014 (text.
959 2974 1027 3012 36).
1170 2973 1184 2995 4
1209 2973 1318 3013 Phys.
1344 2974 1368 3012 Ι,
1397 2975 1412 3006 1
1441 2972 1544 3013 (text.
1572 2972 1617 3011 2).

246 3025 261 3047 5
286 3025 442 3065 Arist,
470 3025 523 3059 De
547 3026 687 3060 Anima
712 3028 735 3066 Ι,
764 3028 780 3060 1
809 3026 911 3067 (text.
939 3027 1016 3067 11);
1043 3027 1081 3067 ΙΙ,
1109 3027 1127 3059 4
1154 3025 1256 3065 (text.
1284 3025 1352 3067 33).
