2095 3459
126 429 186 460 rol.
209 430 277 462 3ου
290 430 309 461 b

313 218 386 252 134
854 223 1033 257 dohannis
1059 225 1227 259 Pechami
1254 227 1504 264 Quaestiones.

477 316 508 352 4.
536 317 637 353 Item
664 317 970 364 Augustinus
997 320 1039 356 in
1058 321 1253 366 Epistola
1273 323 1332 359 ad
1350 324 1712 361 Fortunatianum
1735 324 1875 360 dicit1:
1905 325 2019 368 „Cor-

335 383 411 419 pus
440 375 666 420 gloriosum
693 377 790 413 tunc
816 378 927 414 nullo
955 380 1140 424 pondere
1167 381 1219 417 ad
1247 391 1410 418 omnem
1437 384 1591 420 motum
1619 383 1695 419 erit
1719 383 1985 420 facillimum.“

477 435 509 469 ὃ.
536 434 637 470 Item
665 445 814 481 corpus
843 438 996 482 quanto
1025 439 1177 481 sanius,
1216 441 1329 476 tanto
1363 440 1520 477 facilius
1554 442 1741 478 movetur
1767 442 1817 477 ab
1845 446 1858 486 Η
1884 442 2021 479 anima

336 491 375 528 in
404 502 568 529 omnem
607 495 777 539 partem.
827 495 934 542 Ergo
968 507 1118 543 corpus
1150 499 1334 543 perfecte
1368 510 1512 537 sanum
1545 500 1621 536 erit
1652 500 1836 545 perfecte
1869 501 2028 537 mobile·

335 551 375 587 in
403 561 568 605 omnem
594 554 765 597 partem.
817 554 899 591 Sed
934 555 990 591 ibi
1026 556 1101 592 erit
1135 557 1318 602 perfecte
1355 568 1511 595 sanum.
1566 559 1671 605 Ergo
1713 560 1787 595 etc.
1836 559 1883 597 Et
1915 560 2055 596 haec5

335 610 438 646 ratio
466 610 748 656 Augustini,
776 612 884 648 XIII.
912 614 971 650 De
997 615 1184 658 Civitate,
1210 626 1299 661 cap.
1326 618 1406 653 18².

1092 691 1271 730 Contra.

478 760 507 794 1.
535 758 858 805 Augustinus,
885 761 1024 807 Super
1049 762 1241 800 Genesim.
1267 765 1300 807 8,
1327 765 1450 801 dicitss
1476 765 1585 810 quod
1612 765 1722 802 Deus
1750 767 1889 802 movet
1910 775 2020 803 crea-

335 816 467 852 turam
493 818 751 862 corporalem
778 829 853 864 per
875 819 968 857 loca
991 822 1032 857 et
1057 822 1255 867 tempora,
1283 823 1534 868 spiritualem
1560 825 1698 860 autem
1723 834 1797 870 per
1823 826 2019 870 tempora,

336 883 419 910 non
434 884 508 919 per
529 875 631 912 loca.
660 876 742 913 Sed
764 887 914 923 corpus
935 878 1032 914 illud
1053 880 1246 916 sortietur
1266 881 1505 926 dignitatem
1524 882 1689 927 spiritus
1704 883 1953 925 <secundum
1967 882 2017 925 Ι.>
2040 885 2071 911 ¹0

338 933 427 968 Cor.
456 935 511 977 15,
527 935 584 970 44.
622 934 728 981 Ergo
745 937 821 972 etc.
854 936 1055 974 Probatur
1074 940 1374 984 consequentia
1394 950 1468 985 per
1488 950 1638 977 sensus
1659 943 1804 983 motus,
1826 942 2018 994 quoniam

335 1002 419 1028 non
446 994 679 1030 movebitur
700 1004 849 1040 corpus
869 996 1095 1042 gloriqum
1120 999 1347 1035 secundum
1367 1001 1629 1045 augmentum
1652 1000 1741 1045 plus
1764 1010 1884 1045 quam
1907 1000 2019 1046 spiri-

335 1052 412 1092 tus,
439 1061 518 1088 nec
546 1054 774 1090 secundum
809 1055 1108 1098 alterationem,
1147 1067 1226 1093 nec
1262 1059 1487 1095 secundum
1519 1059 1831 1105 generationem
1867 1060 1908 1096 et
1933 1069 2019 1096 cor-

335 1110 579 1154 ruptionem.
630 1111 737 1158 Ergo
764 1123 843 1149 nec
870 1115 1096 1151 secundum
1123 1115 1203 1152 loci
1228 1117 1507 1153 mutationem.

477 1170 508 1204 2.
535 1169 637 1207 Item
662 1180 741 1207 nec
767 1172 1001 1209 movebitur
1027 1175 1252 1210 secundum
1286 1176 1459 1221 tempus.
1492 1176 1663 1221 Apoeal.
1686 1177 1730 1220 X,
1749 1178 1791 1213 6¹:
1820 1177 2018 1222 „Tempus
2041 1179 2073 1204 15

336 1227 510 1272 amplius
532 1238 617 1264 non
645 1229 753 1265 erit.“

476 1287 508 1322 3.
535 1286 635 1323 Item
663 1288 796 1325 omnis
825 1292 960 1327 motus
985 1291 1031 1327 fit
1056 1301 1131 1337 per
1156 1293 1334 1338 aliquam
1361 1294 1626 1341 indigentiam
1654 1296 1719 1332 vel
1752 1298 1921 1342 propter
1952 1298 2020 1334 ali-

337 1344 431 1388 quid
469 1345 773 1383 obtinendum4.
833 1348 939 1395 Ergo
982 1350 1049 1386 ubi
1087 1361 1169 1387 non
1210 1353 1273 1388 est
1307 1352 1544 1399 indigentia,
1584 1354 1688 1390 sicut
1723 1357 1786 1391 est
1820 1355 1861 1391 in
1903 1356 2019 1393 caelo

337 1404 564 1440 secundum
591 1405 934 1451 Augustinum‚
968 1409 1026 1445 De
1052 1409 1228 1447 civitate
1248 1410 1402 1453 XXII5‚
1432 1422 1514 1448 non
1536 1413 1612 1449 erit
1637 1414 1781 1450 motus.
1817 1414 1922 1461 Ergo
1944 1416 2019 1452 etc.

477 1464 509 1498 4.
536 1463 637 1499 Item
665 1465 853 1510 simplex,
880 1467 933 1503 ad
959 1469 1247 1514 quodcumque
1274 1479 1319 1506 se
1335 1471 1546 1513 convertit,
1568 1472 1696 1508 totum
1717 1482 1762 1509 se
1784 1473 2018 1510 convertitss.
2037 1477 2073 1504 20

335 1519 442 1566 Ergo
470 1521 505 1557 si
531 1522 670 1558 anima
697 1525 901 1561 convertit
927 1535 974 1562 se
1000 1527 1052 1563 ad
1081 1536 1228 1573 corpus
1268 1530 1526 1572 movendum,
1565 1540 1615 1567 eo
1648 1531 1738 1576 ipso
1774 1532 1970 1569 avertitur
1995 1543 2020 1569 a

336 1580 686 1625 contemplatione
715 1582 865 1620 divina.
918 1584 1035 1625 Quod
1064 1587 1128 1622 est
1152 1586 1419 1632 impossibile.

476 1640 508 1675 5.
536 1639 637 1676 Item
663 1642 800 1686 posita
835 1653 973 1685 causa,
1009 1645 1174 1689 ponitur
1213 1645 1420 1683 effectus7.
1478 1648 1584 1695 Ergo
1622 1651 1662 1686 et
1696 1651 1855 1687 remota
1893 1661 2019 1688 causa

335 1699 573 1734 removetur
601 1699 786 1737 effectus.
837 1701 942 1748 Ergo
971 1703 1006 1739 si
1040 1704 1081 1739 in
1117 1704 1307 1750 gloriosis
1343 1707 1582 1752 corporibus
1620 1708 1697 1744 erit
1723 1719 1847 1746 causa
1872 1711 2017 1751 motus,

335 1755 538 1797 iudicium,
567 1767 658 1794 cum
685 1759 752 1795 ille
779 1762 911 1797 status
939 1762 991 1798 sit
1018 1772 1182 1808 semper
1209 1764 1433 1807 uniformis,
1461 1776 1626 1812 semper
1646 1768 1722 1804 erit
1747 1768 1787 1804 in
1808 1770 1930 1811 motu,
1951 1769 2018 1806 vel
2037 1772 2070 1798 25

336 1815 370 1850 si
396 1825 480 1852 non
509 1817 573 1852 est
599 1817 654 1854 ibi
681 1828 808 1855 causa
834 1821 980 1861 motus.
1007 1831 1216 1867 nunquam
1244 1823 1321 1859 erit
1346 1824 1387 1861 in
1415 1826 1562 1862 motuss.

916 1964 1227 2025 Quaestio
1267 1967 1443 2022 XVlI.

337 2070 578 2120 Supposito
613 2073 733 2122 quod
764 2077 1044 2124 moveantur,
1088 2077 1317 2126 quaeritur
1348 2080 1494 2119 utrum
1528 2080 1699 2130 possint
1731 2092 1911 2123 movere
1943 2084 2016 2123 vel

870 2145 1061 2186 transire
1093 2147 1287 2188 medium
1320 2149 1479 2189 subito.

924 2221 1188 2260 ostenditur
1213 2225 1337 2269 quod
1364 2225 1441 2262 sic.

480 2284 508 2318 1.
537 2283 642 2324 Quia
676 2284 772 2321 dicit
807 2285 1131 2332 Augustinus,
1168 2288 1514 2334 Hypoynosticon
1546 2293 1820 2338 responsione
1846 2294 2013 2339 prima⁹z
2034 2311 2066 2337 30

338 2341 511 2383 „Radius
540 2342 646 2378 oculi
672 2344 802 2379 nostri
828 2354 911 2381 non
939 2345 1056 2382 citius
1088 2348 1277 2391 pervenit
1312 2349 1362 2385 ad
1389 2350 1683 2396 propinquiora
1718 2353 1759 2388 et
1784 2353 1937 2390 tardius
1963 2355 2015 2390 ad

336 2400 569 2442 remotiora,
597 2402 671 2438 sed
699 2404 871 2448 utraque
898 2404 1115 2442 intervalla
1140 2407 1256 2451 parili
1283 2408 1493 2445 celeritate
1521 2410 1750 2456 contingit.“

477 2488 496 2520 2
524 2489 699 2528 pondere]
721 2491 919 2530 poneretur
994 2492 1035 2524 10
1057 2492 1276 2533 Cor.15,44]
1298 2494 1377 2527 Cor.
1393 2495 1412 2527 3
1487 2496 1528 2528 14
1553 2496 1592 2536 Χ,
1608 2496 1641 2536 6]
1663 2498 1682 2530 3
1758 2498 1798 2531 18
1826 2499 1905 2539 erit]
1927 2509 2014 2542 ergo

477 2570 488 2592 1
515 2571 581 2612 Ep.
612 2573 677 2605 148
702 2570 810 2612 (alias
839 2573 931 2614 111),
958 2583 1038 2616 cap.
1067 2576 1082 2607 1
1112 2574 1183 2615 (PL
1209 2577 1262 2616 33,
1284 2577 1350 2610 623
1376 2587 1409 2610 n.
1436 2578 1483 2618 3).
1626 2579 1641 2602 ²
1665 2581 1722 2614 PL
1748 2581 1801 2620 41,
1822 2583 1885 2615 391
1909 2592 2012 2624 seqq

476 2623 490 2646 3
516 2625 568 2657 De
596 2625 682 2658 Gen.
712 2626 763 2659 ad
785 2627 852 2660 Lit.
879 2627 965 2667 VIII,
993 2628 1036 2660 20
1063 2627 1133 2667 (PL
1159 2630 1213 2669 34,
1240 2630 1307 2663 388
1333 2640 1366 2664 n.
1394 2631 1463 2672 39).

476 2676 491 2698 4
517 2678 587 2710 Cfr.
615 2678 760 2718 Arist„
787 2680 840 2712 De
863 2680 1030 2714 Animal.
1056 2682 1170 2720 Motu,
1198 2691 1277 2723 cap.
1306 2684 1325 2716 4
1353 2683 1404 2724 (6)
1424 2694 1472 2717 ss.

476 2730 491 2753 5
517 2732 618 2771 XXII,
635 2732 678 2765 30
693 2731 765 2772 (PL
779 2733 833 2772 41,
850 2734 914 2766 801
932 2743 964 2767 n.
983 2734 1028 2774 1).
1170 2735 1185 2757 ⁶
1211 2736 1281 2769 Cfr.
1307 2737 1450 2777 Arist„
1477 2738 1529 2771 De
1548 2738 1690 2772 Anima
1708 2741 1761 2780 III,
1782 2742 1800 2773 7
1822 2738 1926 2783 (text.
1942 2743 2011 2783 36).

476 2782 490 2805 7
517 2785 588 2817 Cfr.
614 2785 758 2825 Arist„
785 2786 894 2827 Phys.
922 2787 960 2826 ΙΙ,
977 2788 996 2820 3
1015 2787 1118 2828 (text.
1136 2788 1204 2829 37),
1226 2790 1285 2822 ubi
1306 2791 1408 2823 dicit:
1437 2791 1562 2829 „Quod
1581 2790 1747 2835 (causae)
1768 2796 1850 2827 actu
1870 2796 2011 2836 quidem

338 2837 540 2870 existentes
576 2840 611 2870 et
645 2839 851 2880 singulares
888 2841 924 2872 et
959 2849 1003 2873 ea
1039 2850 1189 2881 quorum
1225 2843 1309 2875 sunt
1339 2851 1473 2877 causae
1500 2842 1611 2877 simul
1630 2847 1713 2878 sunt
1739 2848 1774 2879 et
1799 2856 1869 2880 non
1895 2849 2009 2882 sunt.“

337 2890 511 2923 Videatur
537 2892 645 2924 etiam
665 2891 830 2933 Metaph.
852 2893 938 2932 VIII,
961 2895 980 2926 5
1001 2893 1071 2933 (IX,
1091 2896 1179 2928 text.
1203 2894 1270 2935 10).
1321 2896 1551 2930 Avicenna
1575 2899 1686 2932 habet
1709 2900 1871 2941 Metaph.
1899 2902 1954 2941 IX,
1972 2903 2008 2934 1:

340 2943 491 2982 „Causa,
520 2946 692 2984 quantum
720 2946 754 2977 in
781 2955 821 2978 se
848 2948 914 2985 est,
943 2947 1028 2979 facit
1053 2949 1263 2981 necessario
1291 2958 1374 2982 esse
1400 2951 1620 2984 causatum.“

477 2995 490 3018 8
517 2997 723 3038 Responsio
750 3000 786 3031 et
812 3000 944 3032 solutio
970 3001 1193 3034 obiectorum
1218 3002 1397 3036 habentur
1421 3013 1454 3045 p.
1484 3005 1549 3037 140
1570 3014 1650 3045 sqq.

476 3049 490 3071 ‘³
516 3050 678 3083 Habetur
712 3052 747 3083 in
783 3052 874 3084 libro
913 3053 1085 3094 Quinque
1125 3054 1427 3095 Responsionum
1460 3055 1554 3096 (sive
1588 3058 1703 3099 Epist.
1731 3060 1797 3092 102
1829 3060 1874 3092 ad
1899 3060 2009 3093 Deo-

338 3102 536 3142 gratias),
566 3106 706 3143 quaest.
736 3106 751 3136 1
780 3114 813 3137 n.
843 3106 873 3137 5.
