2095 3459
808 220 980 257 Quaestio
1006 218 1061 251 IX.
1737 210 1782 246 83

101 318 298 356 memoria
320 318 590 357 continentur,
619 317 778 353 etiamsi
805 326 886 352 non
916 316 1155 361 cogitentur.
1208 314 1408 354 Quoniam
1437 313 1606 350 dicimus
1634 312 1783 355 <homi-

102 381 220 420 nem>
247 388 373 414 nosse
400 378 568 417 litteras,
597 387 687 412 cum
715 376 836 412 etiam
865 376 915 411 de
949 375 1037 411 aliis
1065 375 1201 414 rebus,
1235 383 1317 409 non
1346 374 1397 409 de
1424 372 1568 417 litteris
1597 371 1781 417 cogitat.“

101 437 214 473 Haec
240 437 560 483 Augustinus.
611 436 715 481 Ergo
743 435 880 471 anima
906 435 1061 470 tantum
1089 443 1134 469 se
1163 433 1277 468 novit
1304 432 1454 474 habitu,
1487 433 1709 477 antequam
1738 440 1783 466 se

102 497 265 543 cogitet.
316 495 438 532 Cuius
474 496 604 542 gratia
640 505 727 531 cum
766 504 848 530 non
885 503 930 530 se
968 493 1130 539 cogItet,
1170 501 1254 528 non
1286 491 1332 527 fit
1366 492 1406 527 in
1444 491 1671 536 conspectu
1709 500 1784 526 suo

65 560 81 586 5
102 565 179 592 nec
205 556 257 592 de
285 555 352 591 illa
378 564 453 591 sua
479 554 763 600 (cognitione)
789 552 986 589 formatur
1012 552 1203 588 obtuitus.

242 618 272 651 8.
305 614 403 650 Item
433 623 500 650 res
531 615 571 650 et
601 613 772 649 intentio
801 611 1078 648 essentialiter
1105 610 1309 647 differunt.
1360 610 1407 645 Et
1436 610 1690 655 impossibile
1722 611 1785 645 est

102 674 209 710 idem
236 682 332 710 esse
360 682 446 709 rem
480 675 520 709 et
556 672 836 708 intentionem.
889 670 968 707 Sed
997 671 1104 715 quod
1134 672 1198 706 est
1235 670 1275 706 in
1308 670 1516 706 intellectu
1549 669 1785 706 formaliter,

104 734 167 769 est
194 732 378 772 intentio,
406 733 514 777 quod
542 733 681 768 movet
707 731 959 767 intellectum
987 730 1204 767 obiective.
1241 730 1304 765 est
1337 739 1415 765 res.
1466 728 1571 774 Ergo
1600 729 1786 774 impossi-

103 791 183 828 bile
212 792 274 828 est
299 801 386 827 rem
413 791 610 837 cognosci
635 791 687 826 ab
714 790 922 826 intellectu
951 789 1027 825 nisi
1054 798 1128 835 per
1154 789 1436 825 intentionem.

54 856 86 881 ¹⁰
244 858 276 892 9.
312 856 411 892 Item
455 856 779 902 Augustinus.
818 856 883 891 Ac!
916 855 1137 890 (lrosiuml
1164 853 1515 899 antepaenultima
1542 853 1786 898 quaestione

106 915 202 952 dicit
227 916 334 960 quod
364 915 650 951 intellectualis
673 914 775 951 visio
807 916 881 954 est,
909 924 998 950 cum
1027 923 1077 950 ea
1103 923 1211 958 quae
1239 912 1506 958 corporaliter
1533 913 1719 949 videmus
1747 914 1787 948 et

107 974 329 1020 imaginata
368 974 406 1010 in
446 973 644 1010 memoria
676 974 918 1015 retinemus,
958 973 1166 1009 intellectu
1206 972 1493 1010 discernimus.
1541 972 1649 1017 quod
1690 972 1783 1007 illud

107 1043 256 1078 corpus
284 1033 345 1075 sit,
376 1033 471 1069 illud
499 1032 718 1069 similitudo
747 1033 942 1078 corporis.
992 1032 1098 1078 Ergo
1125 1031 1414 1067 intellectualis
1442 1031 1546 1067 visio
1575 1032 1787 1077 cognoscit

109 1101 293 1137 corpora.
343 1091 390 1127 Et
415 1092 494 1128 hoc
520 1101 604 1127 non
631 1092 721 1127 sine
749 1090 1022 1127 similitudine.
1071 1090 1176 1135 Ergo
1206 1090 1281 1126 etc.

56 1151 88 1176 15
249 1152 301 1187 10.
329 1150 429 1187 Item
456 1150 564 1196 quod
593 1152 656 1186 est
682 1150 722 1185 in
749 1150 885 1194 aliquo
914 1151 956 1185 ut
981 1158 1061 1190 res,
1089 1158 1172 1185 non
1200 1148 1464 1194 cognoscitur
1489 1149 1541 1185 ab
1569 1158 1631 1184 eo.
1675 1148 1787 1185 Haec

109 1209 214 1246 enim
245 1210 308 1245 est
333 1209 448 1250 ratio,
476 1218 602 1254 quare
631 1218 703 1245 aer
728 1219 812 1244 non
839 1208 1050 1254 cognoscit
1076 1208 1222 1249 lucem,
1250 1217 1356 1252 quae
1383 1208 1424 1243 in
1451 1208 1541 1253 ipso
1570 1210 1643 1244 est.
1682 1208 1786 1254 Ergo

108 1269 216 1313 quod
242 1267 394 1313 aliquid
421 1268 692 1314 cognoscitur,
729 1268 891 1313 oportet
917 1268 1026 1312 quod
1053 1267 1105 1303 sit
1131 1267 1171 1303 in
1198 1266 1288 1312 ipso
1315 1276 1397 1303 non
1426 1268 1651 1303 secundum
1679 1269 1786 1312 quod

108 1337 187 1370 res,
214 1328 289 1364 sed
317 1328 543 1363 secundum
569 1327 850 1363 intentionem.
889 1327 993 1372 Ergo
1016 1327 1082 1362 illa
1103 1336 1209 1371 quae
1232 1328 1326 1362 sunt
1345 1326 1386 1362 in
1406 1327 1543 1362 anima
1563 1328 1785 1362 secundum

110 1396 207 1429 rem,
234 1396 317 1423 non
345 1388 650 1432 cognoscuntur
676 1388 727 1422 ab
754 1386 854 1431 ipsa,
882 1386 958 1422 nisi
987 1386 1178 1422 uniantur
1199 1385 1236 1422 ei
1258 1387 1481 1422 secundum
1508 1386 1788 1424 intentionem.

56 1451 90 1477 2⁰
111 1448 151 1482 et
177 1446 233 1482 ita
257 1455 331 1491 per
359 1445 663 1482 similitudinem
689 1445 881 1491 genitam.
943 1492 946 1494 .

250 1507 304 1541 11.
340 1505 439 1540 Item
476 1505 546 1540 lux
581 1505 807 1550 corporalis
835 1504 1021 1549 quamvis
1049 1505 1101 1540 sit
1128 1514 1200 1549 per
1227 1514 1273 1540 se
1301 1503 1592 1549 cognoscibilis
1621 1505 1660 1540 et
1685 1504 1788 1540 ratio

113 1562 392 1610 cognoscendi
417 1563 508 1606 alia,
536 1573 618 1599 non
646 1563 909 1609 cognoscitur
935 1563 1013 1599 nisi
1042 1573 1116 1608 per
1144 1563 1447 1599 similitudinem
1474 1573 1499 1599 a
1526 1573 1572 1599 se
1601 1563 1790 1599 differen-

113 1622 191 1658 tem
221 1625 261 1659 et
287 1632 360 1667 per
387 1630 433 1657 se
460 1622 774 1667 multiplicatam.
814 1621 919 1668 Ergo
942 1623 1086 1658 eadem
1109 1622 1269 1659 ratione
1288 1625 1301 1666 11
1320 1633 1398 1659 nec
1431 1623 1501 1659 lux
1535 1623 1752 1667 spiritualis
1765 1626 1788 1657 2.

723 1801 1032 1861 Quaestio
1072 1802 1171 1853 IX.

184 1910 424 1957 Quaeritur
456 1911 582 1951 iuxta
613 1911 699 1951 hoc
730 1913 877 1951 utrum
911 1911 1053 1951 omnis
1086 1911 1279 1962 cognitio
1313 1911 1626 1951 intellectualis
1659 1911 1714 1950 sit

636 1982 860 2022 mediante
894 1983 1207 2032 phantasmate
1221 1976 1267 2031 3).

681 2071 943 2108 ostenditur
968 2081 1025 2116 qu
1032 2072 1091 2108 od
1117 2081 1221 2108 non.

255 2150 285 2195 1ζ
321 2147 424 2188 Quia
459 2148 555 2184 dicit
590 2148 910 2194 Augustinus⁷
947 2148 1027 2184 XII.
1053 2148 1191 2193 Super
1216 2148 1353 2184 Gen.⁴:
1393 2148 1692 2191 „Pmestantior
1728 2150 1790 2185 est

116 2206 219 2242 visio
247 2206 466 2252 spiritualis
494 2216 615 2252 quam
642 2207 878 2252 corporalis,
906 2208 946 2243 et
964 2216 1105 2244 rursus
1124 2207 1401 2252 praestantior
1421 2209 1484 2243 est
1504 2207 1790 2244 intellectualis

64 2286 97 2310 30
117 2275 238 2311 quam
259 2266 490 2310 spiritualis.
529 2264 755 2311 Spiritualis
777 2266 898 2302 etiam
920 2266 1024 2302 visio
1045 2266 1201 2311 indiget
1222 2262 1497 2303 intellectuali.
1519 2267 1561 2301 ut
1581 2266 1790 2302 iudicetur.

118 2324 403 2360 Intellectualis
430 2325 566 2361 autem
594 2324 790 2370 spirituali
816 2334 897 2360 non
925 2324 1110 2370 indiget.“

256 2384 287 2419 2.
323 2383 422 2419 Item
457 2383 521 2420 Ad
547 2384 788 2420 Orosium51
829 2383 1084 2427 „Intellectus
1112 2383 1215 2419 visio
1253 2392 1331 2419 nec
1358 2382 1556 2427 spirituali
1582 2382 1788 2418 intellectu

118 2451 191 2486 per
218 2451 339 2487 quam
364 2451 443 2478 nec
469 2451 617 2487 corpus
644 2442 829 2478 videmus
856 2452 934 2478 nec
960 2442 1180 2488 imaginem
1206 2441 1424 2486 corporis.“

257 2501 289 2536 3.
316 2500 414 2536 Item
429 2500 749 2546 Augustinus,
770 2501 835 2536 Ad
848 2500 1133 2536 Nebridizcmss:
1157 2500 1409 2545 „Intelligere
1430 2500 1470 2535 in
1489 2499 1609 2536 nobis
1631 2500 1790 2536 duobus

68 2578 101 2603 25
121 2559 252 2596 modis
271 2559 334 2595 fit:
361 2560 429 2595 aut
449 2559 539 2604 ipsa
559 2560 697 2595 mente
718 2559 964 2595 intrinsecus
986 2560 1054 2595 aut
1074 2559 1353 2595 admonitione
1373 2568 1398 2594 a
1421 2559 1646 2594 sensibus.“
1685 2558 1790 2604 Ergo

121 2618 157 2654 si
181 2619 284 2654 haec
310 2617 456 2654 divisio
485 2618 593 2654 bona
633 2619 705 2656 est.
740 2618 784 2654 fit
820 2618 1048 2654 intellectus
1084 2618 1173 2653 sine
1209 2617 1488 2653 admonitione
1525 2617 1790 2653 sensibilium.

259 2705 279 2737 4
305 2703 452 2745 cogitet]
490 2703 527 2742 -Ι-
557 2704 642 2736 item
669 2704 764 2744 quod
860 2705 878 2736 7
906 2702 1150 2742 intentionem)
1189 2702 1227 2740 «Ι-
1257 2703 1350 2735 idem
1385 2711 1469 2735 esse
1585 2703 1626 2735 19
1659 2712 1791 2743 cogno-

121 2756 279 2796 scuntur]
305 2757 535 2798 cognoscitur
631 2757 672 2789 27
699 2756 783 2795 non)
809 2757 861 2789 sic

261 2838 273 2861 ¹
301 2840 344 2872 65
369 2839 464 2872 Sem.
492 2840 570 2872 sive
596 2839 743 2879 Quaest.
769 2839 877 2871 Liber
905 2839 1015 2876 Unus,
1044 2847 1076 2878 q.
1104 2838 1146 2870 63
1174 2838 1244 2876 (PL
1271 2838 1324 2876 40,
1352 2836 1444 2877 751).

260 2891 275 2914 2
299 2892 504 2933 Responsio
530 2893 575 2925 ad
602 2892 852 2933 quaestionem
879 2893 1043 2923 octavam
1069 2891 1105 2923 et
1124 2891 1254 2923 solutio
1275 2890 1515 2922 obiectionum
1534 2890 1688 2922 habetur
1706 2899 1790 2931 pag.

123 2946 258 2978 84—88
285 2943 327 2985 (C
353 2945 437 2984 VIII,
464 2945 493 2977 D
519 2944 621 2984 VIII).
671 2945 709 2977 In
733 2945 789 2976 his
815 2944 948 2977 codicis
974 2943 1209 2983 manuscripti
1236 2943 1398 2975 ordinem
1433 2943 1547 2975 secuti
1582 2951 1715 2980 sumus,
1756 2943 1790 2974 in

126 3007 195 3038 quo
221 2998 370 3039 saepius
395 2998 600 3038 complures
627 2998 860 3038 quaestiones
885 2997 921 3029 in
947 3005 1054 3028 unum
1079 2996 1441 3036 comprehenduntur.

262 3050 277 3072 3
303 3051 373 3083 Cir.
400 3050 735 3090 Montefortino‚
761 3050 816 3089 III,
843 3050 908 3082 662
930 3058 1032 3090 seqq.
1175 3047 1189 3070 4
1214 3049 1284 3088 XII,
1312 3048 1354 3080 25
1381 3046 1451 3086 (PL
1477 3048 1530 3086 34,
1559 3046 1651 3084 474).

263 3103 277 3124 ⁵
303 3104 338 3136 L.
365 3112 393 3136 e.
419 3104 486 3136 sub
513 3105 542 3135 1.
685 3102 699 3124 ὅ
724 3103 838 3144 Epist.
868 3103 909 3135 13
935 3101 1038 3139 (alias
1065 3100 1146 3141 218)
1173 3100 1244 3139 (PL
1270 3101 1323 3140 33,
1351 3101 1393 3133 78
1420 3109 1453 3132 n.
1481 3100 1527 3139 4).
1625 3146 1672 3177 Γ*

1637 3159 1644 3177 ›

1812 1630 1872 1662 fol.
1896 1630 1997 1661 27vr1
