2095 3459
803 193 975 230 Quaestio
1004 192 1025 225 l.
1740 186 1762 221 9

219 294 249 328 2.
290 293 350 329 Ad
390 292 613 329 secundum
655 291 920 332 <dicendum>
959 291 1066 335 quod
1108 289 1245 325 omnia
1280 290 1419 324 creata
1455 288 1549 324 sunt
1584 288 1687 323 haec
1719 286 1759 322 in

80 353 239 389 ratione
268 352 432 393 causali,
471 352 537 388 vel
565 359 639 387 sua
666 351 729 386 vel
757 350 941 395 corporis
977 350 1052 385 sibi
1085 348 1388 394 quodammodo
1428 347 1659 383 essentialis
1697 346 1762 383 vel

80 412 223 448 saltem
251 412 289 448 in
319 421 393 448 suo
421 411 550 447 simili.

220 473 250 507 3.
279 471 341 507 Ad
369 471 530 507 tertium
558 470 774 506 dicendum
804 469 912 515 quod
934 470 1127 514 quantum
1150 468 1201 504 ad
1224 468 1301 503 hoc
1321 468 1384 502 est
1404 466 1534 502 simile
1556 466 1606 502 de
1628 466 1764 502 anima

45 540 60 564 5
82 531 269 568 rationali
297 533 337 567 et
363 530 598 570 irrationali,
627 530 721 575 quia
749 530 893 565 neutra
921 538 1061 565 earum
1089 536 1249 572 corpus.
1300 526 1413 562 Tunc
1440 526 1548 562 enim
1570 526 1650 561 duo
1679 534 1764 561 cor-

82 600 181 636 pora
209 591 248 626 in
276 591 422 627 eodem
449 590 539 626 loco
568 590 719 626 essent.
772 589 851 625 Sed
879 588 918 624 in
946 588 1036 624 loco
1064 587 1211 623 eodem
1232 586 1336 629 <duo
1359 595 1533 631 corpora
1560 595 1653 622 esse
1680 595 1763 621 non

82 651 286 695 possunt>
314 649 394 686 Sed
422 650 460 685 in
488 650 566 685 hoc
593 650 656 685 est
681 648 888 689 dissimile,
916 648 1011 693 quia
1031 646 1277 682 irrationaliS
1299 646 1435 682 anima
1456 646 1590 691 potest
1610 646 1763 681 habere

81 710 252 746 formam
280 709 534 754 corporalem
563 718 636 753 pro
662 708 823 744 ratione
852 707 1038 753 originali
1066 707 1106 743 et
1133 706 1251 751 quasi
1276 706 1488 747 materiali,
1519 716 1601 742 non
1628 706 1763 741 autem

79 769 299 811 rationalis,
327 770 369 805 ut
395 770 610 814 probatum
638 769 711 804 est.

30 836 60 861 10
220 830 251 865 4.
279 829 341 866 Ad
363 829 550 874 quartum
571 828 789 864 dicendum
811 827 920 872 quod
941 837 1023 863 non
1044 826 1219 862 intendit
1239 825 1385 862 Philo
1399 835 1417 861 s
1431 835 1491 871 op
1508 826 1599 861 hus
1626 824 1763 861 dicere

79 890 256 934 aliquam
282 888 508 934 potentiam
527 887 689 923 animae
711 886 899 923 descindi
918 887 959 922 in
981 886 1200 931 spermate.
1238 885 1342 921 Dicit
1363 885 1471 921 enim
1491 883 1595 920 infra
1617 884 1764 920 eodem

81 949 256 995 capitulo
285 948 394 994 quod
421 957 587 993 sperma
614 947 738 983 habet
776 946 954 982 animam
993 945 1189 990 potentia,
1228 945 1322 981 actu
1360 945 1498 980 autem
1537 953 1630 980 non.
1683 943 1763 980 Sed

81 1010 144 1046 est
170 1009 297 1045 virtus
325 1009 498 1053 paterna
524 1007 563 1043 in
591 1007 749 1043 semine
776 1005 995 1046 transfusa,
1034 1014 1140 1050 quae
1176 1004 1340 1050 quidem
1376 1005 1571 1049 operatur
1596 1004 1647 1040 ad
1674 1012 1765 1049 pro-

80 1068 314 1105 ductionem
341 1067 503 1103 animae
531 1066 733 1111 specialis.
783 1065 830 1101 Et
857 1065 1002 1101 dicitur
1019 1073 1086 1100 res
1109 1064 1266 1107 divina;
1295 1065 1334 1100 et
1356 1064 1451 1109 quia
1471 1073 1553 1100 non
1575 1063 1763 1100 distincte

29 1132 60 1158 ¹5
80 1128 210 1174 <agit>
236 1128 288 1164 ad
315 1126 600 1172 operationem
626 1127 902 1162 membrorum
930 1124 1048 1170 quasi
1080 1133 1154 1169 per
1189 1124 1352 1160 modum
1391 1124 1490 1159 artis
1529 1123 1763 1168 incipientis

79 1198 104 1224 a
130 1187 266 1228 corde,
304 1187 398 1223 ideo
437 1185 582 1222 dicitur
619 1185 851 1221 intellectus
891 1184 1009 1229 quasi
1048 1183 1190 1219 similis
1218 1183 1443 1219 intellectui
1469 1183 1510 1218 in
1538 1183 1762 1227 operando.

81 1246 198 1288 Quod
225 1247 362 1282 autem
389 1255 472 1282 non
499 1246 549 1281 de
575 1245 712 1281 anima
731 1244 909 1289 loquitur
930 1245 1051 1288 patet,
1080 1243 1175 1288 quia
1194 1242 1397 1288 sequitur:
1425 1243 1466 1278 et
1486 1242 1579 1278 ideo
1601 1241 1764 1287 spiritus

80 1317 163 1343 non
192 1307 406 1351 separatur
432 1315 457 1341 a
482 1305 688 1350 spermate
717 1305 757 1340 et
784 1304 872 1349 ipse
901 1303 1150 1339 dissolvetur
1167 1305 1181 1345 ἰΙ
1200 1303 1240 1338 θῖ
1266 1302 1456 1347 impletur
1489 1304 1625 1342 vento,
1665 1310 1762 1346 quo-
1784 1308 1846 1340 fol.
1867 1308 1912 1341 35
1923 1307 1976 1340 rb

81 1366 189 1402 niam
215 1365 445 1402 substantia
471 1364 559 1401 eius
587 1366 651 1400 est
677 1363 843 1400 humida
870 1364 911 1399 et
936 1372 1105 1408 aquosa.

28 1429 62 1454 20
221 1427 253 1461 5.
280 1425 342 1461 Ad
369 1424 553 1470 quintum
581 1424 798 1460 dicendum
825 1423 934 1468 quod
955 1421 1153 1468 perfectio
1176 1421 1216 1457 in
1240 1421 1524 1466 principiando
1548 1422 1609 1457 est
1630 1430 1654 1456 a
1675 1429 1764 1465 per-

80 1485 261 1522 fectione
299 1484 341 1520 in
379 1483 568 1525 essendo,
607 1492 713 1528 quae
751 1482 804 1518 ad
842 1482 1152 1527 producendum
1180 1481 1399 1517 ordinatur.
1451 1480 1598 1516 Anima
1623 1481 1763 1516 autem

81 1543 343 1585 intellectiva,
382 1543 477 1588 quia
513 1552 581 1579 res
620 1543 693 1583 est,
732 1542 915 1587 sequitur
949 1542 1038 1583 hoc,
1083 1541 1191 1586 quod
1231 1540 1345 1576 dicit:
1387 1537 1490 1580 Quia
1522 1540 1676 1590 quanto
1704 1540 1766 1575 est

83 1604 242 1650 dignior
279 1604 408 1643 bruto,
447 1612 589 1639 verum
629 1603 692 1638 est
728 1602 769 1637 in
808 1601 956 1637 virtute
995 1600 1237 1646 productiva
1272 1600 1339 1636 vel
1364 1598 1616 1645 generativa.
1667 1598 1764 1635 Ideo

82 1664 254 1710 generat
291 1663 557 1709 aggregatum
596 1661 871 1698 essentialiter
915 1661 1145 1697 ordinatum
1190 1659 1242 1696 ad
1285 1658 1463 1695 animam
1506 1658 1762 1694 rationalem.

28 1726 62 1752 25
83 1722 201 1764 Quod
226 1723 363 1759 autem
389 1722 441 1758 ad
467 1721 644 1758 animam
669 1720 912 1757 rationalem
945 1730 1028 1756 non
1064 1720 1203 1765 potest
1237 1718 1451 1764 attingere,
1490 1727 1573 1754 non
1611 1718 1674 1753 est
1712 1726 1766 1753 ex

82 1782 323 1828 impotentia
347 1781 414 1818 vel
440 1780 682 1827 indignitate
694 1782 718 1822 ¹,
759 1780 833 1816 sed
872 1789 1030 1816 summa
1067 1778 1243 1815 hominis
1282 1777 1492 1824 dignitate,
1531 1786 1612 1822 qua
1638 1785 1764 1822 supra

83 1841 309 1878 naturalem
334 1840 499 1877 modum
526 1840 589 1876 est
615 1839 667 1876 ad
693 1839 913 1885 imaginem
939 1839 1025 1875 Dei.

221 1901 253 1937 6.
281 1900 344 1936 Ad
369 1900 534 1936 sextum
559 1899 824 1941 (dicendum)
844 1899 955 1944 quod
974 1899 1097 1935 homo
1118 1898 1292 1943 generat
1312 1897 1531 1937 hominem,
1559 1897 1599 1932 et
1620 1905 1764 1942 aggre-

83 1961 232 2006 gatum,
259 1959 354 2005 quia
374 1960 548 2005 generat
568 1958 762 2004 quidquid
783 1959 847 1994 est
866 1958 907 1994 in
932 1957 1098 1994 homine
1119 1956 1360 2003 generabile
1372 1963 1380 1999 ;
1408 1956 1546 1992 tamen
1567 1956 1765 2001 <generat

31 2023 65 2048 30
83 2020 327 2061 hominem>
365 2019 459 2064 quia
496 2018 593 2054 illud
619 2018 728 2063 quod
754 2027 828 2063 per
867 2027 913 2054 se
939 2017 1112 2064 generat
1139 2016 1203 2052 est
1229 2015 1460 2052 ordinatum
1488 2014 1766 2051 essentialiter

84 2080 136 2116 ad
162 2079 339 2116 animam
365 2078 620 2114 rationalem.
669 2077 789 2114 Unde
816 2077 941 2113 credo
969 2076 1089 2122 quod,
1116 2075 1152 2111 si
1177 2084 1252 2120 per
1271 2074 1527 2120 impossibile
1548 2074 1659 2110 Deus
1680 2083 1765 2109 non

84 2139 317 2175 infunderet
342 2138 519 2174 animam
545 2137 801 2176 rationalem,
828 2136 1069 2173 necessario
1097 2134 1305 2171 deficeret.

224 2199 256 2234 7.
295 2198 357 2234 Ad
384 2198 601 2242 septimum
629 2197 846 2233 dicendum
872 2196 981 2241 quod
1007 2195 1230 2241 generatur
1252 2193 1571 2238 <compositum
1599 2202 1652 2228 ex
1678 2201 1765 2229 cor-

85 2268 186 2304 pore
215 2259 255 2294 et
280 2257 416 2294 anima
442 2257 652 2295 sensitiva,
691 2266 797 2302 quae
835 2254 918 2292 non
956 2253 1228 2299 corrumpitur
1248 2252 1514 2298 ¹adveniente
1541 2251 1679 2288 anima
1703 2261 1765 2287 ra-

33 2323 67 2349 35
86 2317 237 2359 tionali‚
265 2316 340 2353 sed
366 2316 603 2361 completur.
652 2315 700 2352 Et
726 2315 835 2360 quod
861 2315 1105 2361 generatum
1144 2314 1184 2350 et
1222 2312 1359 2349 anima
1394 2311 1618 2353 rationalis⁷
1657 2320 1763 2356 quae

85 2376 317 2417 infunditur,
355 2385 439 2412 non
471 2376 565 2411 sunt
603 2375 708 2411 duae
734 2375 896 2411 animae
935 2374 1010 2411 sed
1046 2383 1139 2410 una.
1190 2373 1301 2410 Sicut
1325 2372 1448 2408 homo
1476 2372 1540 2407 est
1565 2380 1647 2407 una
1674 2371 1765 2407 sub-

88 2435 239 2473 stantia
265 2445 319 2472 ex
344 2435 481 2471 anima
506 2435 572 2477 <et
598 2437 797 2480 corpore>
825 2433 1064 2478 composita.

226 2494 258 2531 8.
286 2495 348 2531 Ad
374 2495 564 2530 octavum
591 2494 641 2530 de
669 2493 930 2529 similitudine
956 2492 1099 2528 maiori
1127 2492 1201 2527 etc.
1225 2491 1349 2527 credo
1380 2490 1489 2536 quod
1511 2489 1647 2526 anima
1674 2498 1764 2525 sen-

89 2555 209 2591 sitiva
232 2553 402 2590 brutalis
425 2554 465 2589 et
483 2552 728 2598 vegetabilis
748 2562 832 2589 non
853 2553 947 2588 sunt
969 2551 1010 2587 in
1031 2560 1186 2597 genere
1206 2549 1511 2593 <substantiae>
1531 2548 1763 2594 spiritualis,

35 2617 70 2643 40
90 2613 276 2659 quamvis
302 2613 485 2649 habeant
511 2622 608 2649 esse
636 2611 845 2657 spirituale
873 2612 914 2647 et
938 2611 1237 2655 incorporeum,
1272 2609 1368 2654 quia
1394 2607 1624 2644 substantia
1651 2607 1764 2652 spiri-

89 2672 209 2709 tualis
236 2672 428 2708 dividitur
452 2681 527 2717 per
550 2671 746 2708 unibilem
773 2671 813 2707 et
838 2680 922 2707 non
948 2669 1152 2711 unibilem,
1180 2670 1221 2705 et
1245 2678 1329 2705 non
1356 2668 1552 2713 operatur
1577 2667 1656 2703 nisi
1677 2676 1763 2703 cor-

89 2741 191 2777 pore
218 2731 436 2767 mediante.

231 2848 250 2880 7
277 2846 465 2886 dissimile]
492 2847 670 2880 divisibile
791 2846 832 2878 14
860 2842 1045 2886 specialis]
1071 2844 1215 2884 species
1335 2843 1377 2875 20
1405 2842 1581 2883 perfectio
1607 2840 1656 2880 in]
1683 2850 1763 2882 per-

92 2901 285 2933 sectionem
380 2901 421 2933 31
448 2897 676 2939 rationalem]
703 2899 954 2932 rationabilem
1046 2897 1088 2931 38
1115 2895 1296 2935 octavum]
1322 2895 1383 2928 VII
1465 2895 1506 2927 41
1534 2895 1703 2927 unibilem
1728 2895 1764 2926 et

91 2962 164 2986 non
189 2953 373 2992 unibilem]
399 2953 583 2986 carnalem
609 2954 644 2985 et
669 2961 741 2985 non
766 2952 1010 2984 universalem

233 3071 245 3093 ¹
272 3072 341 3105 Cir.
367 3073 542 3109 Bonav.‚
572 3071 637 3112 Op.
665 3080 764 3104 omn.
791 3070 829 3109 ΙΙ,
869 3070 970 3103 743ει.
