2095 3459
127 1098 187 1130 fol.
209 1099 279 1130 30⁷·
290 1098 310 1129 b

338 227 404 262 130
846 228 1021 261 Johannis
1044 228 1213 260 'Pechami
1241 228 1490 264 Quaestiones.

337 325 665 366 mathematicae,
693 334 773 369 qua
798 325 934 369 potest
958 325 1091 360 locum
1117 324 1286 369 implere
1296 326 1319 365 1,
1340 324 1472 369 possit
1490 333 1543 359 ex
1562 321 1872 367 participatione
1893 321 2002 357 modi

336 383 583 419 existentiae
622 383 840 428 spiritualis
879 392 1029 428 corpus
1074 383 1183 419 aliud
1226 384 1456 428 penetrare,
1492 381 1596 418 sicut
1638 381 1781 425 posset
1818 379 2003 415 essentia

336 442 632 484 mathematica,
672 442 707 478 si
744 451 818 487 per
855 442 1106 487 impossibile
1143 443 1255 478 esset
1292 451 1317 477 a
1349 440 1669 477 dimensionibus
1703 439 1900 475 absoluta.
1951 438 2002 474 Ut

335 501 448 545 patet
473 501 515 536 in
542 501 710 547 angelis.

474 561 527 595 17.
555 560 616 595 Ad
645 560 844 596 decImum
871 560 1087 605 septimum
1115 559 1330 596 dicendum
1357 559 1464 603 quod
1489 568 1556 594 res
1593 557 1724 594 omnis
1759 566 1811 593 ex
1845 556 2001 593 finitate
2021 559 2036 583 5

336 619 376 654 et
412 618 651 655 limitatione
698 628 799 654 suae
834 618 1081 654 existentiae
1118 620 1181 655 est
1219 618 1386 659 situalis‚
1421 619 1464 653 ut
1487 617 1598 656 ,dicit
1628 616 1794 662 Hugo2.
1844 615 2002 651 Localis

334 679 473 713 tamen
493 687 575 713 non
597 679 659 713 est
674 678 849 723 proprie,
870 678 949 713 nisi
969 677 1268 713 dimensionata
1287 686 1361 722 pro
1382 677 1594 713 divisione.
1632 675 1749 712 Unde
1771 684 1824 711 ex
1843 674 2001 710 ratione

336 736 602 772 dimensionis
641 746 760 772 omne
800 746 948 781 corpus
993 745 1169 772 necesse
1206 736 1329 772 habet
1366 735 1499 771 locum
1538 743 1739 779 occupare
1778 732 2002 769 secundum

336 795 597 831 existentiam
623 796 860 831 naturalem.
912 795 991 831 Sed
1018 795 1124 831 aliud
1153 796 1215 831 est
1239 795 1372 830 locum
1398 793 1577 838 implere,
1604 792 1713 829 aliud
1739 801 1763 828 a
1789 792 1878 828 loco
1911 791 2001 836 ipso

334 853 506 889 alterum
532 854 707 889 locatum
734 854 965 890 excludere.
2024 857 2053 883 ¹0

474 913 527 948 18.
554 911 616 948 Ad
643 912 1018 948 duodevicesimum
1054 912 1269 948 dicendum
1302 911 1409 956 quod
1445 912 1559 947 locus
1587 920 1641 946 ex
1666 910 1813 946 virtute
1838 909 2003 955 propria

336 980 418 1006 non
445 971 579 1013 habet,
607 971 714 1016 quod
739 971 868 1016 possit
894 972 1008 1016 plura
1032 970 1222 1007 locabilia
1248 970 1470 1011 continere,
1510 969 1583 1005 sed
1605 978 1657 1005 ex
1683 969 1886 1014 potestate
1917 977 2002 1004 cor-

334 1029 444 1074 poris
471 1030 635 1075 gloriosi
662 1040 785 1076 super
810 1031 954 1075 ipsum.

476 1090 528 1124 19.
555 1089 617 1125 Ad
642 1089 991 1126 undevicesimum
1019 1089 1234 1126 dicendum
1268 1089 1375 1133 quod
1402 1088 1608 1133 spiritibus
1626 1090 1640 1130 ΙΙ
1658 1087 1858 1124 damnatis
1886 1087 2002 1123 salva

334 1148 375 1183 et
398 1148 557 1194 integra
583 1150 677 1184 sunt
703 1149 904 1185 naturalia
930 1158 1015 1190 sua,
1047 1149 1090 1184 ut
1116 1148 1210 1184 dicit
1246 1148 1513 1192 Dionysius
1544 1147 1608 1183 IV.
1635 1146 1693 1183 De
1718 1146 1885 1182 Divinis
1921 1146 2000 1182 No·
2022 1151 2053 1176 15

333 1207 521 1243 minibus
534 1210 558 1243 3.
596 1207 723 1249 Unde,
746 1208 841 1253 quia
867 1207 907 1243 in
929 1207 1180 1243 naturalibus
1200 1207 1294 1243 sunt
1314 1216 1435 1251 pares
1456 1207 1588 1242 bonus
1608 1205 1777 1251 angelus
1800 1206 1840 1241 et
1859 1205 2000 1244 malus,

334 1276 416 1302 non
443 1275 488 1302 se
517 1266 816 1312 compatiuntur
841 1265 881 1302 in
903 1266 1049 1302 eodem
1074 1266 1176 1302 loco.
1227 1265 1383 1311 Corpus
1415 1266 1551 1301 autem
1577 1264 1800 1310 gloriosum
1833 1265 1897 1300 est
1923 1264 2002 1300 ele-

334 1326 470 1361 vatum
498 1335 624 1370 super
648 1326 811 1362 modum
838 1325 901 1361 sui
925 1325 1078 1370 proprii
1105 1334 1201 1361 esse
1227 1324 1434 1366 naturalis,
1461 1325 1504 1360 ut
1530 1324 1679 1359 dictum
1706 1324 1769 1359 est
1781 1326 1806 1358 4.

472 1384 526 1420 20.
554 1384 614 1420 Ad
647 1384 882 1420 vicesimum
912 1384 1127 1420 dicendum
1154 1384 1261 1429 quod
1288 1383 1480 1419 differunt
1504 1384 1607 1419 haec
1633 1383 1729 1418 duo:
1755 1382 1887 1418 locum
1908 1390 2002 1417 ocu-

333 1452 431 1488 pare
470 1444 510 1479 et
547 1443 654 1479 aliud
692 1453 717 1479 a
754 1444 843 1479 loco
883 1443 1115 1484 excludere,
1153 1444 1196 1478 ut
1232 1442 1423 1478 visum⁵.‘
1449 1442 1566 1478 Unde
1600 1450 1747 1486 corpus
1780 1440 2000 1486 gloriosum
2020 1451 2053 1477 ρο

335 1503 507 1547 occupat
520 1502 663 1543 locum,
678 1512 760 1538 non
780 1503 917 1538 tamen
938 1502 1165 1547 impeditur,
1182 1502 1277 1546 quin
1297 1501 1425 1546 possit
1439 1500 1590 1545 aliquid
1611 1510 1635 1536 a
1654 1501 1744 1536 loco
1766 1499 1999 1536 excludere.

474 1562 527 1596 21.
554 1561 615 1597 Ad
635 1561 874 1597 vicesimum
895 1561 1066 1605 primum
1090 1560 1305 1596 dicendum
1333 1559 1451 1604 quod,
1478 1559 1573 1595 licet
1593 1559 1698 1595 duae
1724 1557 2000 1594 revolutiones

335 1619 438 1656 caeli
464 1629 545 1655 non
571 1620 730 1665 possint
756 1619 794 1655 in
833 1620 978 1655 eodem
1004 1620 1190 1664 tempore
1226 1619 1344 1655 simul
1380 1627 1486 1659 esse,
1522 1619 1694 1662 possent
1728 1618 1866 1653 tamen
1893 1616 1998 1653 duae

334 1679 612 1715 revolutiones
639 1680 808 1715 duorum
844 1678 1062 1720 caelorum,
1100 1678 1133 1713 si
1171 1687 1243 1722 per
1277 1676 1528 1722 impossibile
1562 1677 1700 1721 plures
1735 1676 1996 1721 ponerentur,

334 1738 436 1774 sicut
462 1738 558 1773 dicit
583 1738 908 1782 Philosophus
935 1737 1110 1782 capitulo
1137 1737 1195 1773 De
1226 1737 1423 1781 Tempore
1435 1738 1459 1777 6,
1486 1736 1664 1781 probans
1689 1744 1763 1780 per
1787 1735 1865 1771 hoc
1891 1734 2000 1779 quod
2018 1744 2052 1770 25

335 1798 494 1842 tempus
520 1806 602 1832 non
629 1798 691 1833 est
717 1796 935 1833 circulatio.
986 1795 1032 1831 Et
1057 1796 1150 1832 ideo
1177 1805 1258 1831 non
1278 1795 1462 1840 procedit
1482 1795 1774 1840 argumentum,
1802 1793 1898 1838 quin
1919 1793 1998 1829 duo

336 1865 508 1900 corpora
533 1856 691 1900 possint
727 1865 818 1891 esse
853 1855 893 1891 in
932 1855 1077 1891 eodem
1112 1855 1214 1890 loco,
1263 1854 1377 1890 Duae
1405 1854 1541 1890 autem
1574 1853 1854 1889 revolutiones
1880 1851 1999 1888 unius

336 1915 436 1950 caeli
462 1924 544 1950 non
570 1916 743 1959 possunt
769 1914 885 1950 simul
921 1923 1027 1955 esse,
1063 1914 1158 1958 quia
1190 1913 1445 1949 differentiae
1478 1912 1673 1958 temporis
1701 1912 1794 1947 sunt
1818 1911 1931 1957 prius
1959 1912 1999 1947 et

335 1973 550 2018 posterius,
577 1983 654 2009 nec
688 1974 811 2009 habet
846 1973 958 2009 alias.
1008 1972 1055 2008 Et
1090 1973 1194 2014 ideo,
1222 1972 1325 2008 sicut
1362 1971 1501 2007 asinus
1537 1980 1709 2007 manens
1744 1971 1884 2006 asinus
1915 1980 1997 2006 non

335 2033 470 2077 potest
496 2042 590 2068 esse
616 2033 748 2074 homo,
775 2032 831 2068 ita
856 2041 933 2068 nec
958 2033 1119 2076 tempus
1146 2031 1256 2076 prius
1285 2031 1345 2066 est
1371 2029 1589 2075 posteriori
1616 2029 1743 2065 simul.
2018 2037 2052 2063 30

475 2092 528 2126 22.
555 2091 617 2127 Ad
642 2090 880 2127 vicesimum
914 2090 1137 2126 secundum
1165 2089 1378 2125 dicendum
1406 2089 1513 2134 quod
1539 2098 1662 2124 unum
1689 2088 1880 2124 accidens
1916 2097 1998 2123 non

335 2150 471 2194 potest
497 2159 591 2186 esse
618 2150 872 2186 diversorum
892 2149 1176 2190 subiectorum,
1202 2150 1245 2184 ut
1265 2148 1429 2184 diversa
1449 2148 1558 2191 sunt;
1584 2148 1721 2192 potest
1740 2148 1876 2182 tamen
1903 2156 1997 2182 esse

337 2209 588 2245 diversorum
624 2209 827 2249 accidens,
866 2209 906 2244 in
945 2209 1138 2253 quantum
1165 2217 1288 2243 unum
1326 2208 1429 2248 sunt,
1469 2206 1572 2242 sicut
1604 2215 1685 2242 una
1717 2206 1825 2242 linea
1856 2206 1997 2241 locans

335 2268 470 2312 potest
494 2268 632 2304 locare
658 2268 836 2304 infinitas
864 2268 993 2303 lineas
1018 2267 1193 2303 invicem
1218 2266 1351 2302 unitas
1380 2267 1419 2301 et
1445 2275 1566 2301 unum
1593 2266 1753 2309 tempus
1779 2273 1995 2300 numerare

336 2326 522 2363 diversos
548 2328 692 2369 motus,
719 2327 759 2362 in
786 2328 979 2371 quantum
1006 2327 1099 2362 sunt
1124 2334 1258 2361 unum.
2014 2336 2047 2363 35

474 2425 493 2457 2
520 2425 737 2457 existentiae
763 2423 972 2467 spiritualis]
999 2423 1181 2455 essentiae
1207 2422 1481 2454 mathematicae
1542 2420 1651 2462 aliud]
1676 2421 1722 2453 ad
1797 2420 1816 2452 6
1843 2419 1995 2459 situalis]

336 2478 366 2510 si
390 2478 472 2510 talis

474 2571 486 2593 ¹
514 2572 582 2605 Cir.
599 2573 739 2611 Arist„
760 2572 867 2611 Phys.
889 2571 944 2609 IV,
966 2571 985 2603 8
1007 2569 1107 2609 (text.
1130 2568 1198 2609 76),
1220 2569 1280 2601 ubi
1300 2569 1447 2601 docetur
1467 2577 1597 2608 corpus
1618 2568 1745 2600 cubum
1767 2568 1811 2600 ab
1832 2567 1995 2600 omnibus

338 2625 631 2665 qualitatibus
667 2625 894 2657 sensibilibus
929 2624 1136 2664 separatum
1165 2623 1200 2654 in
1239 2630 1335 2662 aqua
1373 2621 1487 2653 adhuc
1519 2621 1672 2661 aequale
1704 2621 1859 2661 spatium
1892 2629 1994 2652 occu-

337 2687 424 2718 pare
461 2680 496 2710 et
530 2687 601 2710 non
636 2687 767 2719 aquam
803 2677 1072 2717 penetraturum
1104 2684 1197 2708 esse.
1249 2675 1360 2711 Quem
1395 2674 1510 2706 locum
1550 2682 1740 2714 exponens
1774 2673 1994 2705 Averroes

336 2731 437 2763 dicit:
478 2731 773 2772 „Impossibilitas
803 2729 1063 2770 penetrationis
1089 2737 1279 2768 corporum
1305 2727 1434 2760 accidit
1459 2727 1510 2759 eis
1548 2735 1596 2758 ex
1624 2727 1698 2758 suis
1723 2726 1883 2758 terminis
1909 2734 1994 2759 ma—

336 2784 606 2823 thematicis,
638 2792 708 2815 non
742 2792 787 2815 ex
822 2783 896 2814 suis
933 2781 1177 2814 accidentibus
1215 2774 1541 2812 sensibilibus.“
1592 2779 1761 2818 BonaV.‚
1802 2778 1867 2818 Op.
1895 2787 1992 2811 omn.

336 2836 392 2876 IV,
421 2837 508 2869 1029
534 2838 604 2869 not.
634 2837 662 2868 1.

473 2888 488 2911 2
513 2890 642 2922 Nescio
670 2898 740 2929 quo
767 2889 855 2921 loco.

474 2942 489 2964 ³
514 2942 582 2981 (PL
610 2942 684 2980 122,
714 2940 815 2980 1142)
844 2941 935 2980 „Sed
960 2949 1031 2972 non
1052 2939 1194 2971 omnino
1215 2938 1386 2979 expertes
1407 2937 1501 2976 boni,
1528 2937 1721 2969 secundum
1743 2937 1836 2977 quod
1857 2938 1891 2969 et
1911 2938 1992 2969 sunt

338 2996 373 3027 et
397 2995 521 3027 vivunt
546 2996 581 3027 et
606 2995 807 3035 intelligunt
833 2995 868 3026 et
893 2993 1037 3025 omnino
1064 2992 1119 3024 est
1146 2991 1289 3031 quidam
1315 2991 1349 3022 in
1377 2990 1428 3022 eis
1454 2990 1768 3030 concupiscentiae
1794 2989 1943 3021 motus.“

474 3046 488 3069 ⁴
514 3047 630 3087 Supra
656 3056 688 3087 q.
718 3047 770 3085 13,
797 3056 830 3086 p.
859 3046 921 3078 111
945 3054 1046 3085 seqq.
1188 3043 1202 3065 5
1229 3043 1345 3083 Supra
1369 3052 1403 3083 p.
1432 3043 1495 3074 127
1524 3043 1558 3074 et
1584 3042 1639 3074 hic
1664 3042 1710 3074 ad
1738 3042 1789 3074 17.

474 3099 488 3121 ⁶
513 3100 620 3139 Phys.
645 3099 700 3138 IV,
730 3100 770 3131 14
799 3094 883 3140 (20).
