2095 3459
808 196 978 232 Quaestio
1007 196 1091 228 XIV.
1719 191 1782 226 123

108 291 182 331 est,
209 292 346 336 potest
373 302 611 329 mensurare
640 293 764 338 plura.
816 292 918 338 Ergo
948 302 1141 330 mensura
1169 292 1340 338 propria.
1381 293 1422 328 ut
1447 292 1573 331 locus,
1610 301 1659 327 eo
1691 291 1780 335 ipso

108 359 187 394 quo
216 351 279 386 est
305 352 479 397 propria,
508 362 589 388 non
616 353 754 397 potest
780 361 1020 388 mensurare
1048 352 1110 387 vel
1139 351 1351 388 continere
1379 351 1502 396 plura.

249 411 302 446 19.
329 410 428 447 Item
464 411 628 456 spiritus
665 411 915 458 glorificatus
952 421 1033 447 non
1066 412 1203 456 potest
1228 414 1372 453 <esse>
1400 410 1515 446 simul
1550 420 1636 446 cum
1673 410 1781 445 dam—

109 470 216 505 nato.
266 469 371 515 Ergo
399 480 477 507 nec
505 480 653 516 corpus
681 470 903 516 gloriosum
932 481 1021 506 cum
1049 480 1130 506 non
1158 470 1348 516 glorioso.

248 529 302 565 20.
329 529 428 565 Item
455 530 617 575 corpori
644 530 839 575 competit
865 539 1068 574 occupare
1090 530 1234 570 locum,
1262 529 1366 565 sicut
1384 529 1540 574 spiritui
1563 538 1643 564 non
1666 538 1782 564 occu-

108 597 218 633 pare.
270 588 349 625 Sed
378 589 542 634 spiritus
570 589 626 625 ita
652 593 858 634 nunquam
884 589 1125 634 reprimitur,
1153 589 1273 624 etiam
1301 598 1374 633 per
1401 587 1713 629 damnationem,
1741 589 1782 623 ut

109 648 283 692 occupet
308 648 441 684 locum
469 649 558 693 plus
586 658 705 693 quam
734 648 898 693 spiritus
926 649 1083 685 beatus.
1133 647 1237 694 Ergo
1275 657 1421 693 corpus
1459 657 1664 692 nunquam
1692 647 1782 682 sub-

108 706 301 743 tiliabitur
321 716 395 752 per
414 708 583 754 gloriam
605 709 772 749 tantum,
794 708 890 753 quin
912 708 1086 752 occupet
1103 707 1247 748 locum,
1269 708 1311 742 ut
1331 706 1426 743 facit
1446 716 1528 742 non
1549 706 1781 753 gloriosum.

246 767 301 802 21.
327 766 427 803 Item
454 767 614 812 tempus
643 769 706 803 est
732 776 925 803 mensura
951 768 1108 802 motus1
1137 763 1242 802 sicut
1265 766 1379 802 locus
1403 766 1535 802 locati.
1575 765 1655 802 Sed
1677 766 1781 801 duae

57 829 89 854 10
107 826 388 863 revolutiones
416 826 520 862 caeli
546 836 629 862 non
655 826 829 871 possunt
856 836 951 862 esse
980 826 1097 862 simul
1117 825 1157 862 in
1180 825 1325 861 eodem
1344 826 1540 870 tempore,
1568 825 1687 861 etiam
1712 834 1783 869 per

107 885 356 922 miraculum.
394 885 500 932 Ergo
522 895 600 922 nec
621 886 700 922 duo
722 895 897 931 corpora
922 886 963 921 in
985 886 1131 922 eodem
1157 885 1259 925 loco,
1288 884 1411 921 etiam
1437 894 1509 929 per
1535 884 1782 920 miraculum.

247 945 302 981 22.
321 945 427 981 .1tem
453 946 567 982 locus
596 947 659 981 est
685 945 903 990 quantitas.
955 945 1036 982 Sed
1063 954 1145 981 non
1171 945 1308 989 potest
1333 944 1539 989 quantitas
1562 953 1643 979 una
1663 943 1784 988 (sicut

107 1014 186 1041 nec
212 1014 335 1041 unum
362 1004 573 1050 accidens)
601 1014 696 1041 esse
724 1004 842 1041 simul
868 1004 908 1040 in
936 1004 1121 1040 diversis.
1172 1003 1277 1050 Ergo
1306 1005 1381 1039 etc.

856 1087 1035 1124 Contra.
1806 1086 1853 1122 B.

57 1166 88 1191 15
249 1166 279 1201 1.
306 1165 510 1202 Articulus
533 1167 596 1202 est
615 1165 712 1201 fidei
733 1165 841 1210 quod
857 1164 1039 1201 Christus
1061 1164 1328 1210 corporaliter
1347 1163 1534 1200 ascendit
1553 1163 1593 1199 in
1615 1163 1782 1199 caelum.

109 1224 168 1261 De
196 1224 311 1261 caelo
337 1225 475 1261 autem
501 1224 646 1261 dicitur
666 1225 707 1261 in
729 1224 819 1261 Job
840 1225 896 1267 37,
917 1225 1027 1267 <18>2
1056 1223 1154 1267 „Qui
1179 1223 1424 1264 solidissimi,
1452 1222 1568 1268 quasi
1588 1231 1684 1258 aere
1705 1222 1783 1258 fusi

109 1285 224 1320 sunt“
263 1284 304 1320 et
339 1285 566 1320 secundum
600 1284 977 1329 Philosophum2
1013 1283 1171 1322 caelum
1205 1284 1268 1319 est
1300 1282 1462 1327 penitus
1489 1281 1782 1318 indissolubile.

107 1342 213 1389 Ergo
251 1343 440 1379 transivit
477 1343 658 1379 Christus
696 1352 770 1388 per
809 1343 966 1379 caelum
1002 1343 1216 1388 integrum.
1266 1342 1370 1387 Ergo
1407 1351 1554 1386 corpus
1592 1341 1679 1377 eius
1712 1341 1784 1377 fuit

110 1402 228 1439 simul
253 1402 344 1439 loco
372 1412 462 1439 cum
488 1402 589 1439 aliis.

57 1468 91 1494 20
161 1502 170 1508 .
250 1462 282 1497 2.
308 1461 409 1498 Item
434 1462 769 1498 Damascenus
797 1462 935 1498 ultimo
964 1461 1184 1506 capituloss:
1213 1460 1382 1506 „Surget
1402 1469 1549 1505 corpus
1574 1459 1782 1505 spirituale

109 1521 176 1557 vel
201 1518 532 1566 incorruptibile,
559 1521 718 1562 subtile,
758 1520 1020 1566 impassibile.
1071 1520 1158 1556 Hoc
1191 1520 1297 1556 enim
1332 1519 1535 1565 significat
1562 1519 1781 1564 spirituale,

110 1580 230 1625 quale
246 1589 394 1625 corpus
409 1580 571 1616 Domini
585 1582 679 1625 post
692 1579 1137 1625 resurrectionemilfuit
1150 1579 1281 1615 ianuis
1298 1579 1447 1615 clausis
1463 1578 1778 1623 pertransiens.“
1802 1580 1863 1613 rol.
1889 1581 1960 1613 29'·
1973 1580 1992 1612 b

109 1638 215 1685 Ergo
238 1648 292 1675 ex
305 1640 451 1676 natura
466 1640 649 1685 corporis
666 1640 886 1685 spiritualis
902 1639 1051 1681 habuit,
1066 1640 1109 1675 ut
1128 1640 1272 1684 posset
1292 1638 1444 1674 intrare
1466 1638 1597 1673 ianuis
1620 1637 1781 1673 clausis.

250 1699 282 1735 3.
308 1698 408 1735 Item
428 1698 507 1735 nisi
527 1700 671 1744 posset
692 1709 787 1735 esse
809 1699 925 1735 simul
947 1708 1037 1734 cum
1058 1708 1140 1734 non
1161 1697 1352 1743 glorioso,
1369 1706 1450 1733 non
1466 1697 1608 1741 posset
1629 1696 1782 1732 moveri

59 1770 92 1795 25
111 1759 206 1803 post
230 1757 433 1800 iudicium,
460 1758 623 1803 quando
652 1758 788 1794 omnia
815 1759 933 1794 erunt
959 1767 1132 1802 corpora
1157 1756 1486 1801 incorruptibilia.

251 1818 283 1853 4.
309 1817 409 1853 Item
445 1817 567 1853 etiam
606 1819 748 1862 posset
782 1817 968 1862 impediri
1004 1817 1042 1852 in
1076 1826 1149 1854 suo
1183 1825 1310 1861 opere
1339 1817 1379 1852 et
1405 1816 1526 1851 motu.
1577 1814 1692 1855 Quod
1721 1816 1787 1851 est

112 1877 255 1913 contra
281 1877 430 1912 statum
455 1876 622 1922 gloriae,
651 1878 691 1913 et
716 1876 827 1912 beati
853 1878 947 1912 sunt
974 1876 1277 1920 omnipotentes
1305 1884 1405 1910 suae
1433 1874 1663 1910 voluntatis.

251 1937 284 1971 5.
311 1935 409 1971 ltem
436 1945 584 1980 corpus
612 1935 834 1981 gloriosum
869 1937 932 1971 est
964 1944 1111 1979 corpus
1147 1933 1476 1970 mathematicum
1513 1934 1553 1969 et
1586 1933 1782 1969 naturale.

113 1994 194 2031 Sed
233 1994 416 2039 corporis
455 1995 651 2031 naturalis
691 1995 755 2031 est
792 1994 1031 2030 naturaliter
1070 1993 1281 2038 corrumpi.
1331 1992 1378 2028 Et
1416 1993 1493 2028 hoc
1527 1992 1677 2028 tollitur
1712 2001 1784 2037 per

60 2065 94 2090 30
113 2053 295 2099 gloriam.
344 2052 497 2099 (Ergo)
521 2053 616 2090 licet
634 2053 908 2090 mathematici
930 2053 981 2089 sit
1002 2053 1223 2089 excludere
1244 2062 1268 2088 a
1289 2061 1334 2088 se
1357 2061 1476 2087 omne
1498 2050 1605 2087 aliud
1625 2061 1783 2096 corpus,

112 2113 251 2158 potest
275 2113 413 2149 tamen
439 2113 518 2149 hoc
543 2113 628 2149 tolli
654 2122 727 2158 per
753 2113 934 2158 gloriam.

252 2173 284 2208 6.
310 2171 410 2208 Item
432 2172 467 2208 si
487 2172 565 2208 duo
586 2181 760 2217 corpora
779 2173 954 2216 possunt
975 2171 1093 2207 simul
1114 2180 1208 2207 esse
1230 2180 1305 2215 per
1325 2171 1521 2210 naturam,
1540 2179 1638 2215 ergo
1660 2170 1782 2206 multo

114 2230 244 2277 magis
270 2240 418 2276 corpus
444 2230 669 2277 gloriosum
696 2240 786 2267 cum
812 2231 892 2267 alio
920 2240 1004 2267 non
1030 2230 1223 2276 glorioso.
1275 2229 1355 2266 Sed
1387 2229 1558 2274 primum
1591 2229 1784 2273 probatur

113 2289 323 2335 multiplici
348 2290 550 2335 exemplo,
578 2290 673 2335 quia
697 2289 802 2335 ignis
831 2290 894 2326 est
914 2289 1031 2325 simul
1053 2297 1143 2325 cum
1163 2288 1284 2324 ferro.
1322 2287 1370 2323 Et
1390 2288 1454 2324 est
1472 2288 1527 2324 ibi
1546 2297 1646 2324 vere
1667 2287 1783 2333 ignis,

62 2359 96 2384 35
115 2348 209 2393 quia
235 2348 437 2385 consumit
461 2348 605 2394 ipsum.

253 2408 285 2443 7.
311 2407 411 2444 Item
436 2407 541 2454 ignis
569 2408 633 2444 est
658 2407 776 2444 simul
803 2417 893 2443 cum
912 2407 1034 2445 fumo,
1062 2407 1156 2452 quia
1175 2406 1340 2442 flamma
1361 2406 1424 2442 est
1443 2405 1575 2441 fumus
1596 2406 1746 2441 ardens
1758 2408 1783 2441 ⁴.

113 2487 160 2491 —
184 2466 284 2502 Item
310 2465 427 2502 simul
454 2464 544 2503 cuni
572 2468 763 2503 carbone.

254 2526 286 2561 8.
312 2525 411 2561 Item
437 2525 674 2562 alimentum
699 2535 856 2571 augens
886 2526 948 2561 est
974 2525 1091 2560 simul
1119 2534 1208 2560 cum
1236 2524 1320 2559 toto
1342 2525 1473 2565 aucto,
1501 2523 1594 2568 quia
1614 2525 1785 2569 augetur

117 2584 341 2620 secundum
367 2585 506 2620 totum.

257 2689 298 2721 16
325 2688 423 2727 aere}
450 2698 535 2721 ecce
633 2689 675 2721 26
703 2688 822 2727 etiam]
853 2688 889 2727 ΔΓ
919 2697 990 2721 non
1097 2688 1139 2720 30
1167 2686 1283 2726 omne]
1311 2696 1394 2720 csse
1496 2688 1536 2719 34
1567 2687 1663 2727 quia!
1692 2688 1785 2727 quod

257 2788 267 2811 ¹
293 2789 404 2830 Phys.
430 2790 486 2828 IV,
515 2789 556 2821 12
582 2788 669 2829 (18).
811 2788 826 2811 2
853 2790 902 2822 De
929 2789 1039 2822 Caelo
1065 2789 1103 2828 ΙΙ,
1131 2789 1166 2827 1;
1194 2788 1232 2827 ΙΙ,
1260 2789 1289 2820 6.

255 2841 271 2864 3
294 2842 346 2875 De
371 2842 459 2875 Fide
487 2842 705 2875 Orchodoxa
729 2842 785 2881 IV,
814 2843 876 2874 27:
904 2842 1057 2883 „Surget
1082 2850 1214 2882 corpus
1241 2841 1439 2881 spirituale,
1466 2841 1697 2880 immutabile,
1724 2841 1785 2873 ini-

119 2895 302 2935 passibile,
341 2895 472 2928 subtile
497 2893 581 2934 (hoc
607 2895 701 2927 enim
728 2895 910 2936 significat
935 2895 1132 2935 spirituale,
1174 2894 1279 2934 quale
1305 2893 1470 2926 nimirum
1496 2894 1580 2934 post
1605 2901 1786 2926 resurrec-

117 2948 252 2981 tionem
277 2948 417 2981 Domini
442 2956 576 2988 corpus
603 2949 690 2987 erat,
729 2957 809 2980 cum
843 2948 960 2980 ianuis
995 2947 1127 2980 clausis
1154 2946 1336 2981 transiret)
1363 2946 1586 2987 infatigabile
1614 2954 1679 2978 nec
1705 2946 1784 2979 cibo

119 3001 180 3033 aut
205 3010 331 3033 somno
358 3002 419 3033 aut
443 3002 530 3041 potu
556 3000 754 3042 indigens.‘⁴

257 3053 270 3074 ⁴
297 3052 439 3092 Arist„
466 3054 518 3086 De
544 3054 630 3086 Gen.
657 3055 690 3086 et
716 3054 818 3086 Gorr.
846 3053 884 3093 ll,
912 3054 940 3086 4.
