<?xml version="1.0" encoding="UTF-8"?>
<!DOCTYPE html PUBLIC "-//W3C//DTD XHTML 1.0 Transitional//EN"
    "http://www.w3.org/TR/xhtml1/DTD/xhtml1-transitional.dtd">
<html xmlns="http://www.w3.org/1999/xhtml" xml:lang="en" lang="en">
 <head>
  <title>
</title>
<meta http-equiv="Content-Type" content="text/html;charset=utf-8" />
  <meta name='ocr-system' content='tesseract 3.04.00' />
  <meta name='ocr-capabilities' content='ocr_page ocr_carea ocr_par ocr_line ocrx_word'/>
</head>
<body>
  <div class='ocr_page' id='page_1' title='image "./johannispechamiq00peck/johannispechamiq00peck_0108.png"; bbox 0 0 2095 3459; ppageno 0'>
   <div class='ocr_carea' id='block_1_1' title="bbox 130 994 317 1027">
    <p class='ocr_par' dir='ltr' id='par_1_1' title="bbox 130 994 317 1027">
     <span class='ocr_line' id='line_1_1' title="bbox 130 994 317 1027; baseline -0.011 0"><span class='ocrx_word' id='word_1_1' title='bbox 130 994 191 1027; x_wconf 78' lang='lat' dir='ltr'>rol.</span> <span class='ocrx_word' id='word_1_2' title='bbox 213 994 281 1026; x_wconf 68' lang='lat'>241&gt;</span> <span class='ocrx_word' id='word_1_3' title='bbox 293 1001 317 1025; x_wconf 88' lang='lat' dir='ltr'>a</span> 
     </span>
    </p>
   </div>
   <div class='ocr_carea' id='block_1_2' title="bbox 336 183 1491 221">
    <p class='ocr_par' dir='ltr' id='par_1_2' title="bbox 336 183 1491 221">
     <span class='ocr_line' id='line_1_2' title="bbox 336 183 1491 221; baseline -0.004 -1"><span class='ocrx_word' id='word_1_4' title='bbox 336 186 381 220; x_wconf 78' lang='lat'>(54</span> <span class='ocrx_word' id='word_1_5' title='bbox 846 184 1022 217; x_wconf 79' lang='lat' dir='ltr'>Johannis</span> <span class='ocrx_word' id='word_1_6' title='bbox 1049 183 1216 216; x_wconf 86' lang='lat' dir='ltr'>Pechami</span> <span class='ocrx_word' id='word_1_7' title='bbox 1242 183 1491 221; x_wconf 85' lang='lat' dir='ltr'>Quaestiones.</span> 
     </span>
    </p>
   </div>
   <div class='ocr_carea' id='block_1_3' title="bbox 335 279 2006 1684">
    <p class='ocr_par' dir='ltr' id='par_1_3' title="bbox 337 279 2001 436">
     <span class='ocr_line' id='line_1_3' title="bbox 475 279 2001 327; baseline -0.002 -9"><span class='ocrx_word' id='word_1_8' title='bbox 475 284 506 318; x_wconf 90' lang='grc'>6.</span> <span class='ocrx_word' id='word_1_9' title='bbox 543 283 642 318; x_wconf 86' lang='lat' dir='ltr'><strong>Item</strong></span> <span class='ocrx_word' id='word_1_10' title='bbox 674 281 709 317; x_wconf 87' lang='lat' dir='ltr'>si</span> <span class='ocrx_word' id='word_1_11' title='bbox 741 281 1000 327; x_wconf 81' lang='lat' dir='ltr'>cognoscitur</span> <span class='ocrx_word' id='word_1_12' title='bbox 1030 290 1098 317; x_wconf 92' lang='lat' dir='ltr'>res</span> <span class='ocrx_word' id='word_1_13' title='bbox 1138 280 1399 326; x_wconf 88' lang='lat' dir='ltr'>intelligibilis</span> <span class='ocrx_word' id='word_1_14' title='bbox 1435 289 1508 325; x_wconf 89' lang='lat' dir='ltr'>per</span> <span class='ocrx_word' id='word_1_15' title='bbox 1542 279 1671 315; x_wconf 92' lang='lat' dir='ltr'>Deum</span> <span class='ocrx_word' id='word_1_16' title='bbox 1708 281 1747 317; x_wconf 88' lang='lat' dir='ltr'>et</span> <span class='ocrx_word' id='word_1_17' title='bbox 1782 279 1891 315; x_wconf 92' lang='lat' dir='ltr'>Deus</span> <span class='ocrx_word' id='word_1_18' title='bbox 1919 288 2001 315; x_wconf 92' lang='lat' dir='ltr'>non</span> 
     </span>
     <span class='ocr_line' id='line_1_4' title="bbox 337 338 2001 388; baseline -0.002 -10"><span class='ocrx_word' id='word_1_19' title='bbox 337 341 596 388; x_wconf 81' lang='lat' dir='ltr'>cognoscitur</span> <span class='ocrx_word' id='word_1_20' title='bbox 621 340 701 377; x_wconf 92' lang='lat' dir='ltr'>nisi</span> <span class='ocrx_word' id='word_1_21' title='bbox 728 349 801 385; x_wconf 92' lang='lat' dir='ltr'>per</span> <span class='ocrx_word' id='word_1_22' title='bbox 829 350 897 376; x_wconf 89' lang='lat' dir='ltr'>res</span> <span class='ocrx_word' id='word_1_23' title='bbox 917 340 1202 386; x_wconf 80' lang='lat' dir='ltr'>intelligibiles,</span> <span class='ocrx_word' id='word_1_24' title='bbox 1231 349 1328 385; x_wconf 91' lang='lat' dir='ltr'>ergo</span> <span class='ocrx_word' id='word_1_25' title='bbox 1363 339 1438 375; x_wconf 90' lang='lat' dir='ltr'>erit</span> <span class='ocrx_word' id='word_1_26' title='bbox 1470 338 1676 375; x_wconf 90' lang='lat' dir='ltr'>circulatio</span> <span class='ocrx_word' id='word_1_27' title='bbox 1702 339 1743 373; x_wconf 93' lang='lat' dir='ltr'>in</span> <span class='ocrx_word' id='word_1_28' title='bbox 1770 339 2001 384; x_wconf 82' lang='lat' dir='ltr'>cognitione</span> 
     </span>
     <span class='ocr_line' id='line_1_5' title="bbox 337 399 1075 436; baseline -0.003 0"><span class='ocrx_word' id='word_1_29' title='bbox 337 400 598 436; x_wconf 84' lang='lat' dir='ltr'>intellectuali</span> <span class='ocrx_word' id='word_1_30' title='bbox 624 401 664 435; x_wconf 90' lang='lat' dir='ltr'>et</span> <span class='ocrx_word' id='word_1_31' title='bbox 689 399 798 435; x_wconf 89' lang='lat' dir='ltr'>nulla</span> <span class='ocrx_word' id='word_1_32' title='bbox 825 399 1075 435; x_wconf 80' lang='lat' dir='ltr'>certificatio.</span> 
     </span>
    </p>

    <p class='ocr_par' dir='ltr' id='par_1_4' title="bbox 335 456 2004 1092">
     <span class='ocr_line' id='line_1_6' title="bbox 475 456 2003 501; baseline -0.003 -6"><span class='ocrx_word' id='word_1_33' title='bbox 475 460 506 495; x_wconf 90' lang='grc'>7.</span> <span class='ocrx_word' id='word_1_34' title='bbox 532 459 631 495; x_wconf 88' lang='lat' dir='ltr'>Item</span> <span class='ocrx_word' id='word_1_35' title='bbox 659 459 693 494; x_wconf 88' lang='lat' dir='ltr'>si</span> <span class='ocrx_word' id='word_1_36' title='bbox 717 458 948 494; x_wconf 88' lang='lat' dir='ltr'>intellectus</span> <span class='ocrx_word' id='word_1_37' title='bbox 975 459 1116 494; x_wconf 89' lang='lat' dir='ltr'>noster</span> <span class='ocrx_word' id='word_1_38' title='bbox 1141 458 1253 494; x_wconf 88' lang='lat' dir='ltr'>videt</span> <span class='ocrx_word' id='word_1_39' title='bbox 1278 458 1319 493; x_wconf 93' lang='lat' dir='ltr'>in</span> <span class='ocrx_word' id='word_1_40' title='bbox 1344 458 1436 493; x_wconf 90' lang='lat' dir='ltr'>luce</span> <span class='ocrx_word' id='word_1_41' title='bbox 1462 457 1529 493; x_wconf 91' lang='lat' dir='ltr'>illa</span> <span class='ocrx_word' id='word_1_42' title='bbox 1547 478 1593 482; x_wconf 96' lang='lat'>—</span> <span class='ocrx_word' id='word_1_43' title='bbox 1613 459 1682 492; x_wconf 91' lang='lat' dir='ltr'>aut</span> <span class='ocrx_word' id='word_1_44' title='bbox 1708 466 1779 501; x_wconf 91' lang='lat' dir='ltr'>per</span> <span class='ocrx_word' id='word_1_45' title='bbox 1805 457 1883 492; x_wconf 91' lang='lat' dir='ltr'>hoc</span> <span class='ocrx_word' id='word_1_46' title='bbox 1909 456 2003 501; x_wconf 89' lang='lat' dir='ltr'>quia</span> 
     </span>
     <span class='ocr_line' id='line_1_7' title="bbox 336 516 2002 563; baseline -0.002 -9"><span class='ocrx_word' id='word_1_47' title='bbox 336 519 406 554; x_wconf 82' lang='lat' dir='ltr'>lux</span> <span class='ocrx_word' id='word_1_48' title='bbox 445 519 512 554; x_wconf 92' lang='lat' dir='ltr'>illa</span> <span class='ocrx_word' id='word_1_49' title='bbox 548 518 738 563; x_wconf 89' lang='lat' dir='ltr'>imprimit</span> <span class='ocrx_word' id='word_1_50' title='bbox 775 527 898 562; x_wconf 89' lang='lat' dir='ltr'>super</span> <span class='ocrx_word' id='word_1_51' title='bbox 936 517 1185 553; x_wconf 89' lang='lat' dir='ltr'>intellectum</span> <span class='ocrx_word' id='word_1_52' title='bbox 1224 517 1386 562; x_wconf 87' lang='lat' dir='ltr'>species</span> <span class='ocrx_word' id='word_1_53' title='bbox 1425 516 1711 561; x_wconf 76' lang='lat' dir='ltr'>intelligibiles,</span> <span class='ocrx_word' id='word_1_54' title='bbox 1751 517 1790 551; x_wconf 90' lang='lat' dir='ltr'>et</span> <span class='ocrx_word' id='word_1_55' title='bbox 1816 516 1894 551; x_wconf 86' lang='lat' dir='ltr'>hoc</span> <span class='ocrx_word' id='word_1_56' title='bbox 1919 525 2002 551; x_wconf 91' lang='lat' dir='ltr'>non</span> 
     </span>
     <span class='ocr_line' id='line_1_8' title="bbox 337 574 2002 622; baseline -0.002 -9"><span class='ocrx_word' id='word_1_57' title='bbox 337 578 505 619; x_wconf 85' lang='lat' dir='ltr'>videtur,</span> <span class='ocrx_word' id='word_1_58' title='bbox 528 577 622 622; x_wconf 87' lang='lat' dir='ltr'>quia</span> <span class='ocrx_word' id='word_1_59' title='bbox 636 578 730 612; x_wconf 90' lang='lat' dir='ltr'>tunc</span> <span class='ocrx_word' id='word_1_60' title='bbox 744 576 1042 621; x_wconf 89' lang='lat' dir='ltr'>imprimeretur</span> <span class='ocrx_word' id='word_1_61' title='bbox 1056 585 1129 621; x_wconf 89' lang='lat' dir='ltr'>per</span> <span class='ocrx_word' id='word_1_62' title='bbox 1145 576 1405 616; x_wconf 80' lang='lat' dir='ltr'>creationem,</span> <span class='ocrx_word' id='word_1_63' title='bbox 1426 575 1522 611; x_wconf 91' lang='lat' dir='ltr'>item</span> <span class='ocrx_word' id='word_1_64' title='bbox 1543 577 1639 610; x_wconf 89' lang='lat' dir='ltr'>tunc</span> <span class='ocrx_word' id='word_1_65' title='bbox 1660 576 1799 610; x_wconf 87' lang='lat' dir='ltr'>essent</span> <span class='ocrx_word' id='word_1_66' title='bbox 1820 574 2002 610; x_wconf 81' lang='lat' dir='ltr'>eius‘dem</span> 
     </span>
     <span class='ocr_line' id='line_1_9' title="bbox 336 632 2002 681; baseline -0.003 -9"><span class='ocrx_word' id='word_1_67' title='bbox 336 637 395 673; x_wconf 90' lang='lat' dir='ltr'>rei</span> <span class='ocrx_word' id='word_1_68' title='bbox 422 636 526 672; x_wconf 82' lang='lat' dir='ltr'>duae</span> <span class='ocrx_word' id='word_1_69' title='bbox 554 636 731 681; x_wconf 86' lang='lat' dir='ltr'>species;</span> <span class='ocrx_word' id='word_1_70' title='bbox 770 645 850 671; x_wconf 90' lang='lat' dir='ltr'>una</span> <span class='ocrx_word' id='word_1_71' title='bbox 889 645 994 680; x_wconf 92' lang='lat' dir='ltr'>quae</span> <span class='ocrx_word' id='word_1_72' title='bbox 1035 636 1097 671; x_wconf 99' lang='grc' dir='ltr'>θεῖ</span> <span class='ocrx_word' id='word_1_73' title='bbox 1134 644 1158 671; x_wconf 94' lang='lat' dir='ltr'>a</span> <span class='ocrx_word' id='word_1_74' title='bbox 1195 636 1479 680; x_wconf 80' lang='lat' dir='ltr'>phantasmate</span> <span class='ocrx_word' id='word_1_75' title='bbox 1512 634 1576 670; x_wconf 92' lang='lat' dir='ltr'>vel</span> <span class='ocrx_word' id='word_1_76' title='bbox 1613 634 1663 669; x_wconf 90' lang='lat' dir='ltr'>ab</span> <span class='ocrx_word' id='word_1_77' title='bbox 1691 642 1740 669; x_wconf 89' lang='lat' dir='ltr'>ea</span> <span class='ocrx_word' id='word_1_78' title='bbox 1767 632 2002 673; x_wconf 81' lang='lat' dir='ltr'>extrahitur,</span> 
     </span>
     <span class='ocr_line' id='line_1_10' title="bbox 337 691 2004 739; baseline -0.002 -9"><span class='ocrx_word' id='word_1_79' title='bbox 337 695 416 731; x_wconf 78' lang='lat' dir='ltr'>aha</span> <span class='ocrx_word' id='word_1_80' title='bbox 442 704 547 739; x_wconf 90' lang='lat' dir='ltr'>quae</span> <span class='ocrx_word' id='word_1_81' title='bbox 577 695 766 730; x_wconf 88' lang='lat' dir='ltr'>divinitus</span> <span class='ocrx_word' id='word_1_82' title='bbox 793 694 1047 739; x_wconf 89' lang='lat' dir='ltr'>imprimitur;</span> <span class='ocrx_word' id='word_1_83' title='bbox 1084 716 1127 720; x_wconf 82' lang='lat'>—</span> <span class='ocrx_word' id='word_1_84' title='bbox 1153 696 1223 729; x_wconf 85' lang='lat' dir='ltr'>aut</span> <span class='ocrx_word' id='word_1_85' title='bbox 1248 694 1359 730; x_wconf 87' lang='lat' dir='ltr'>videt</span> <span class='ocrx_word' id='word_1_86' title='bbox 1384 703 1457 738; x_wconf 90' lang='lat' dir='ltr'>per</span> <span class='ocrx_word' id='word_1_87' title='bbox 1482 694 1560 729; x_wconf 88' lang='lat' dir='ltr'>hoc</span> <span class='ocrx_word' id='word_1_88' title='bbox 1587 693 1694 737; x_wconf 92' lang='lat' dir='ltr'>quod</span> <span class='ocrx_word' id='word_1_89' title='bbox 1721 692 1790 727; x_wconf 80' lang='lat' dir='ltr'>lux</span> <span class='ocrx_word' id='word_1_90' title='bbox 1816 692 1884 727; x_wconf 87' lang='lat' dir='ltr'>illa</span> <span class='ocrx_word' id='word_1_91' title='bbox 1907 691 2004 727; x_wconf 78' lang='lat' dir='ltr'>facit</span> 
     </span>
     <span class='ocr_line' id='line_1_11' title="bbox 338 750 2002 799; baseline -0.002 -10"><span class='ocrx_word' id='word_1_92' title='bbox 338 754 500 799; x_wconf 86' lang='lat' dir='ltr'>species</span> <span class='ocrx_word' id='word_1_93' title='bbox 526 753 787 799; x_wconf 82' lang='lat' dir='ltr'>Imaginarias</span> <span class='ocrx_word' id='word_1_94' title='bbox 813 753 1037 789; x_wconf 89' lang='lat' dir='ltr'>intellectui</span> <span class='ocrx_word' id='word_1_95' title='bbox 1068 753 1241 789; x_wconf 89' lang='lat' dir='ltr'>unibiles</span> <span class='ocrx_word' id='word_1_96' title='bbox 1278 752 1492 797; x_wconf 89' lang='lat' dir='ltr'>spoliando</span> <span class='ocrx_word' id='word_1_97' title='bbox 1531 761 1601 787; x_wconf 90' lang='lat' dir='ltr'>eas</span> <span class='ocrx_word' id='word_1_98' title='bbox 1640 760 1665 786; x_wconf 90' lang='lat' dir='ltr'>a</span> <span class='ocrx_word' id='word_1_99' title='bbox 1703 750 2002 786; x_wconf 88' lang='lat' dir='ltr'>conditionibus</span> 
     </span>
     <span class='ocr_line' id='line_1_12' title="bbox 336 809 2003 857; baseline -0.003 -8"><span class='ocrx_word' id='word_1_100' title='bbox 336 813 621 854; x_wconf 82' lang='lat' dir='ltr'>materialibus,</span> <span class='ocrx_word' id='word_1_101' title='bbox 661 814 701 849; x_wconf 91' lang='lat' dir='ltr'>et</span> <span class='ocrx_word' id='word_1_102' title='bbox 732 814 810 849; x_wconf 92' lang='lat' dir='ltr'>hoc</span> <span class='ocrx_word' id='word_1_103' title='bbox 836 822 930 854; x_wconf 83' lang='lat' dir='ltr'>non,</span> <span class='ocrx_word' id='word_1_104' title='bbox 966 813 1060 857; x_wconf 89' lang='lat' dir='ltr'>quia</span> <span class='ocrx_word' id='word_1_105' title='bbox 1085 812 1155 848; x_wconf 85' lang='lat' dir='ltr'>lux</span> <span class='ocrx_word' id='word_1_106' title='bbox 1181 812 1318 848; x_wconf 89' lang='lat' dir='ltr'>divina</span> <span class='ocrx_word' id='word_1_107' title='bbox 1343 821 1426 847; x_wconf 89' lang='lat' dir='ltr'>non</span> <span class='ocrx_word' id='word_1_108' title='bbox 1453 812 1516 847; x_wconf 91' lang='lat' dir='ltr'>est</span> <span class='ocrx_word' id='word_1_109' title='bbox 1541 809 1898 856; x_wconf 88' lang='lat' dir='ltr'>proportionabilis</span> <span class='ocrx_word' id='word_1_110' title='bbox 1924 819 2003 845; x_wconf 91' lang='lat' dir='ltr'>ma-</span> 
     </span>
     <span class='ocr_line' id='line_1_13' title="bbox 336 869 2004 917; baseline -0.003 -9"><span class='ocrx_word' id='word_1_111' title='bbox 336 872 557 913; x_wconf 81' lang='lat' dir='ltr'>terIalibus,</span> <span class='ocrx_word' id='word_1_112' title='bbox 577 892 623 896; x_wconf 79' lang='lat'>—-</span> <span class='ocrx_word' id='word_1_113' title='bbox 648 873 717 908; x_wconf 83' lang='lat' dir='ltr'>aut</span> <span class='ocrx_word' id='word_1_114' title='bbox 737 873 798 908; x_wconf 88' lang='lat' dir='ltr'>est</span> <span class='ocrx_word' id='word_1_115' title='bbox 815 872 917 907; x_wconf 88' lang='lat' dir='ltr'>ratio</span> <span class='ocrx_word' id='word_1_116' title='bbox 939 871 1191 917; x_wconf 91' lang='lat' dir='ltr'>intelligendi</span> <span class='ocrx_word' id='word_1_117' title='bbox 1210 880 1283 916; x_wconf 93' lang='lat' dir='ltr'>per</span> <span class='ocrx_word' id='word_1_118' title='bbox 1303 872 1381 906; x_wconf 89' lang='lat' dir='ltr'>hoc</span> <span class='ocrx_word' id='word_1_119' title='bbox 1402 870 1509 915; x_wconf 90' lang='lat' dir='ltr'>quod</span> <span class='ocrx_word' id='word_1_120' title='bbox 1529 869 1708 905; x_wconf 90' lang='lat' dir='ltr'>ostendit</span> <span class='ocrx_word' id='word_1_121' title='bbox 1729 870 2004 905; x_wconf 84' lang='lat' dir='ltr'>extremorum</span> 
     </span>
     <span class='ocr_line' id='line_1_14' title="bbox 336 927 2001 974; baseline -0.003 -7"><span class='ocrx_word' id='word_1_122' title='bbox 336 931 623 972; x_wconf 89' lang='lat' dir='ltr'>habitudinem,</span> <span class='ocrx_word' id='word_1_123' title='bbox 671 932 711 967; x_wconf 91' lang='lat' dir='ltr'>et</span> <span class='ocrx_word' id='word_1_124' title='bbox 748 931 825 967; x_wconf 90' lang='lat' dir='ltr'>hoc</span> <span class='ocrx_word' id='word_1_125' title='bbox 863 941 946 966; x_wconf 89' lang='lat' dir='ltr'>non</span> <span class='ocrx_word' id='word_1_126' title='bbox 983 930 1144 966; x_wconf 88' lang='lat' dir='ltr'>videtur</span> <span class='ocrx_word' id='word_1_127' title='bbox 1183 939 1277 966; x_wconf 91' lang='lat' dir='ltr'>esse</span> <span class='ocrx_word' id='word_1_128' title='bbox 1316 929 1523 974; x_wconf 82' lang='lat' dir='ltr'>possibile,</span> <span class='ocrx_word' id='word_1_129' title='bbox 1563 929 1657 973; x_wconf 90' lang='lat' dir='ltr'>quia</span> <span class='ocrx_word' id='word_1_130' title='bbox 1691 927 1883 963; x_wconf 88' lang='lat' dir='ltr'>habitudo</span> <span class='ocrx_word' id='word_1_131' title='bbox 1920 936 2001 963; x_wconf 92' lang='lat' dir='ltr'>non</span> 
     </span>
     <span class='ocr_line' id='line_1_15' title="bbox 335 986 2000 1035; baseline -0.002 -9"><span class='ocrx_word' id='word_1_132' title='bbox 335 991 506 1035; x_wconf 87' lang='lat' dir='ltr'>apparet</span> <span class='ocrx_word' id='word_1_133' title='bbox 531 989 571 1025; x_wconf 91' lang='lat' dir='ltr'>in</span> <span class='ocrx_word' id='word_1_134' title='bbox 599 989 804 1025; x_wconf 82' lang='lat' dir='ltr'>extremis.</span> <span class='ocrx_word' id='word_1_135' title='bbox 854 988 959 1035; x_wconf 87' lang='lat' dir='ltr'>Ergo</span> <span class='ocrx_word' id='word_1_136' title='bbox 986 988 1021 1024; x_wconf 90' lang='lat' dir='ltr'>si</span> <span class='ocrx_word' id='word_1_137' title='bbox 1047 998 1129 1024; x_wconf 90' lang='lat' dir='ltr'>non</span> <span class='ocrx_word' id='word_1_138' title='bbox 1146 990 1159 1031; x_wconf 82' lang='grc' dir='ltr'>ΙΙ</span> <span class='ocrx_word' id='word_1_139' title='bbox 1179 989 1364 1024; x_wconf 84' lang='lat' dir='ltr'>extrema</span> <span class='ocrx_word' id='word_1_140' title='bbox 1399 996 1476 1023; x_wconf 90' lang='lat' dir='ltr'>nec</span> <span class='ocrx_word' id='word_1_141' title='bbox 1509 987 1690 1031; x_wconf 89' lang='lat' dir='ltr'>ipsorum</span> <span class='ocrx_word' id='word_1_142' title='bbox 1725 986 2000 1023; x_wconf 87' lang='lat' dir='ltr'>habitudinem</span> 
     </span>
     <span class='ocr_line' id='line_1_16' title="bbox 337 1049 573 1092; baseline -0.008 -6"><span class='ocrx_word' id='word_1_143' title='bbox 337 1049 573 1092; x_wconf 79' lang='lat' dir='ltr'>&lt;ostendIt&gt;.</span> 
     </span>
    </p>

    <p class='ocr_par' dir='ltr' id='par_1_5' title="bbox 337 1104 2006 1447">
     <span class='ocr_line' id='line_1_17' title="bbox 476 1104 2004 1152; baseline -0.003 -8"><span class='ocrx_word' id='word_1_144' title='bbox 476 1109 508 1144; x_wconf 88' lang='lat'>8.</span> <span class='ocrx_word' id='word_1_145' title='bbox 546 1108 646 1144; x_wconf 88' lang='lat' dir='ltr'>Item</span> <span class='ocrx_word' id='word_1_146' title='bbox 671 1108 752 1149; x_wconf 86' lang='lat' dir='ltr'>lux,</span> <span class='ocrx_word' id='word_1_147' title='bbox 790 1107 831 1142; x_wconf 90' lang='lat' dir='ltr'>in</span> <span class='ocrx_word' id='word_1_148' title='bbox 858 1116 938 1152; x_wconf 87' lang='lat' dir='ltr'>qua</span> <span class='ocrx_word' id='word_1_149' title='bbox 963 1106 1076 1143; x_wconf 88' lang='lat' dir='ltr'>videt</span> <span class='ocrx_word' id='word_1_150' title='bbox 1109 1105 1351 1146; x_wconf 80' lang='lat' dir='ltr'>intellectus,</span> <span class='ocrx_word' id='word_1_151' title='bbox 1390 1104 1580 1141; x_wconf 77' lang='lat' dir='ltr'>informat</span> <span class='ocrx_word' id='word_1_152' title='bbox 1612 1105 1872 1141; x_wconf 87' lang='lat' dir='ltr'>intellectum.</span> <span class='ocrx_word' id='word_1_153' title='bbox 1924 1104 2004 1141; x_wconf 89' lang='lat' dir='ltr'>Sed</span> 
     </span>
     <span class='ocr_line' id='line_1_18' title="bbox 338 1163 2004 1210; baseline -0.003 -7"><span class='ocrx_word' id='word_1_154' title='bbox 338 1168 406 1203; x_wconf 85' lang='lat' dir='ltr'>lux</span> <span class='ocrx_word' id='word_1_155' title='bbox 435 1167 571 1203; x_wconf 82' lang='lat' dir='ltr'>divina</span> <span class='ocrx_word' id='word_1_156' title='bbox 597 1166 742 1202; x_wconf 90' lang='lat' dir='ltr'>nullius</span> <span class='ocrx_word' id='word_1_157' title='bbox 770 1167 832 1202; x_wconf 89' lang='lat' dir='ltr'>est</span> <span class='ocrx_word' id='word_1_158' title='bbox 856 1165 997 1202; x_wconf 83' lang='lat' dir='ltr'>forma.</span> <span class='ocrx_word' id='word_1_159' title='bbox 1046 1165 1151 1210; x_wconf 90' lang='lat' dir='ltr'>Ergo</span> <span class='ocrx_word' id='word_1_160' title='bbox 1179 1174 1257 1200; x_wconf 90' lang='lat' dir='ltr'>nec</span> <span class='ocrx_word' id='word_1_161' title='bbox 1285 1165 1347 1200; x_wconf 90' lang='grc' dir='ltr'>θεῖ</span> <span class='ocrx_word' id='word_1_162' title='bbox 1372 1164 1453 1205; x_wconf 83' lang='lat' dir='ltr'>lux,</span> <span class='ocrx_word' id='word_1_163' title='bbox 1492 1172 1597 1208; x_wconf 90' lang='lat' dir='ltr'>quae</span> <span class='ocrx_word' id='word_1_164' title='bbox 1631 1164 1694 1199; x_wconf 91' lang='lat' dir='ltr'>est</span> <span class='ocrx_word' id='word_1_165' title='bbox 1724 1164 1827 1200; x_wconf 90' lang='lat' dir='ltr'>ratio</span> <span class='ocrx_word' id='word_1_166' title='bbox 1863 1163 2004 1200; x_wconf 86' lang='lat' dir='ltr'>intelli-</span> 
     </span>
     <span class='ocr_line' id='line_1_19' title="bbox 337 1223 2005 1273; baseline -0.002 -11"><span class='ocrx_word' id='word_1_167' title='bbox 337 1226 469 1273; x_wconf 89' lang='lat' dir='ltr'>gendi.</span> <span class='ocrx_word' id='word_1_168' title='bbox 521 1225 653 1262; x_wconf 85' lang='lat' dir='ltr'>Prima</span> <span class='ocrx_word' id='word_1_169' title='bbox 678 1225 891 1270; x_wconf 86' lang='lat' dir='ltr'>probatur:</span> <span class='ocrx_word' id='word_1_170' title='bbox 926 1224 1029 1265; x_wconf 88' lang='lat' dir='ltr'>Quia</span> <span class='ocrx_word' id='word_1_171' title='bbox 1054 1224 1284 1260; x_wconf 87' lang='lat' dir='ltr'>intellectus</span> <span class='ocrx_word' id='word_1_172' title='bbox 1311 1233 1356 1259; x_wconf 91' lang='lat' dir='ltr'>se</span> <span class='ocrx_word' id='word_1_173' title='bbox 1383 1224 1507 1259; x_wconf 87' lang='lat' dir='ltr'>habet</span> <span class='ocrx_word' id='word_1_174' title='bbox 1532 1223 1582 1259; x_wconf 92' lang='lat' dir='ltr'>ad</span> <span class='ocrx_word' id='word_1_175' title='bbox 1609 1223 1876 1269; x_wconf 87' lang='lat' dir='ltr'>intelligibilia</span> <span class='ocrx_word' id='word_1_176' title='bbox 1902 1223 2005 1259; x_wconf 87' lang='lat' dir='ltr'>sicut</span> 
     </span>
     <span class='ocr_line' id='line_1_20' title="bbox 339 1281 2006 1328; baseline -0.003 -6"><span class='ocrx_word' id='word_1_177' title='bbox 339 1295 483 1322; x_wconf 90' lang='lat' dir='ltr'>sensus</span> <span class='ocrx_word' id='word_1_178' title='bbox 509 1286 560 1321; x_wconf 89' lang='lat' dir='ltr'>ad</span> <span class='ocrx_word' id='word_1_179' title='bbox 587 1284 831 1321; x_wconf 74' lang='lat' dir='ltr'>sensibiIIal.</span> <span class='ocrx_word' id='word_1_180' title='bbox 871 1284 951 1320; x_wconf 90' lang='lat' dir='ltr'>Sed</span> <span class='ocrx_word' id='word_1_181' title='bbox 972 1284 1069 1320; x_wconf 89' lang='lat' dir='ltr'>nihil</span> <span class='ocrx_word' id='word_1_182' title='bbox 1090 1284 1261 1320; x_wconf 87' lang='lat' dir='ltr'>sentitur</span> <span class='ocrx_word' id='word_1_183' title='bbox 1287 1283 1328 1318; x_wconf 88' lang='lat' dir='ltr'>in</span> <span class='ocrx_word' id='word_1_184' title='bbox 1354 1283 1443 1328; x_wconf 80' lang='lat' dir='ltr'>Ipso</span> <span class='ocrx_word' id='word_1_185' title='bbox 1470 1282 1632 1323; x_wconf 90' lang='lat' dir='ltr'>lumine,</span> <span class='ocrx_word' id='word_1_186' title='bbox 1670 1282 1748 1318; x_wconf 87' lang='lat' dir='ltr'>niSi</span> <span class='ocrx_word' id='word_1_187' title='bbox 1774 1283 1911 1318; x_wconf 91' lang='lat' dir='ltr'>lumen</span> <span class='ocrx_word' id='word_1_188' title='bbox 1936 1281 2006 1317; x_wconf 91' lang='lat' dir='ltr'>im-</span> 
     </span>
     <span class='ocr_line' id='line_1_21' title="bbox 337 1341 2005 1389; baseline -0.002 -8"><span class='ocrx_word' id='word_1_189' title='bbox 337 1345 555 1381; x_wconf 89' lang='lat' dir='ltr'>misceatur</span> <span class='ocrx_word' id='word_1_190' title='bbox 593 1343 747 1389; x_wconf 90' lang='lat' dir='ltr'>speciei</span> <span class='ocrx_word' id='word_1_191' title='bbox 782 1343 843 1379; x_wconf 89' lang='lat' dir='ltr'>rei</span> <span class='ocrx_word' id='word_1_192' title='bbox 881 1343 1063 1379; x_wconf 86' lang='lat' dir='ltr'>visibills.</span> <span class='ocrx_word' id='word_1_193' title='bbox 1112 1342 1218 1388; x_wconf 88' lang='lat' dir='ltr'>Ergo</span> <span class='ocrx_word' id='word_1_194' title='bbox 1258 1342 1440 1378; x_wconf 89' lang='lat' dir='ltr'>similiter</span> <span class='ocrx_word' id='word_1_195' title='bbox 1479 1343 1541 1378; x_wconf 90' lang='lat' dir='ltr'>est</span> <span class='ocrx_word' id='word_1_196' title='bbox 1577 1342 1616 1377; x_wconf 92' lang='lat' dir='ltr'>in</span> <span class='ocrx_word' id='word_1_197' title='bbox 1655 1341 1873 1378; x_wconf 88' lang='lat' dir='ltr'>intellectu.</span> <span class='ocrx_word' id='word_1_198' title='bbox 1925 1341 2005 1377; x_wconf 88' lang='lat' dir='ltr'>Sed</span> 
     </span>
     <span class='ocr_line' id='line_1_22' title="bbox 337 1402 1222 1447; baseline -0.003 -7"><span class='ocrx_word' id='word_1_199' title='bbox 337 1405 474 1440; x_wconf 91' lang='lat' dir='ltr'>lumen</span> <span class='ocrx_word' id='word_1_200' title='bbox 502 1404 681 1440; x_wconf 90' lang='lat' dir='ltr'>divinum</span> <span class='ocrx_word' id='word_1_201' title='bbox 707 1403 806 1439; x_wconf 90' lang='lat' dir='ltr'>nulli</span> <span class='ocrx_word' id='word_1_202' title='bbox 830 1404 968 1447; x_wconf 88' lang='lat' dir='ltr'>potest</span> <span class='ocrx_word' id='word_1_203' title='bbox 992 1402 1222 1438; x_wconf 89' lang='lat' dir='ltr'>immisceri.</span> 
     </span>
    </p>

    <p class='ocr_par' dir='ltr' id='par_1_6' title="bbox 337 1459 2006 1627">
     <span class='ocr_line' id='line_1_23' title="bbox 475 1459 2004 1507; baseline -0.003 -8"><span class='ocrx_word' id='word_1_204' title='bbox 475 1465 506 1499; x_wconf 86' lang='lat'>9.</span> <span class='ocrx_word' id='word_1_205' title='bbox 533 1463 631 1499; x_wconf 92' lang='lat' dir='ltr'>Item</span> <span class='ocrx_word' id='word_1_206' title='bbox 653 1463 804 1507; x_wconf 87' lang='lat' dir='ltr'>quanto</span> <span class='ocrx_word' id='word_1_207' title='bbox 826 1461 977 1506; x_wconf 89' lang='lat' dir='ltr'>aliquid</span> <span class='ocrx_word' id='word_1_208' title='bbox 998 1462 1061 1497; x_wconf 89' lang='lat' dir='ltr'>est</span> <span class='ocrx_word' id='word_1_209' title='bbox 1081 1461 1302 1506; x_wconf 88' lang='lat' dir='ltr'>simplicius</span> <span class='ocrx_word' id='word_1_210' title='bbox 1330 1462 1371 1496; x_wconf 92' lang='lat' dir='ltr'>et</span> <span class='ocrx_word' id='word_1_211' title='bbox 1395 1460 1712 1500; x_wconf 82' lang='lat' dir='ltr'>immaterialius,</span> <span class='ocrx_word' id='word_1_212' title='bbox 1738 1460 1851 1495; x_wconf 88' lang='lat' dir='ltr'>tanto</span> <span class='ocrx_word' id='word_1_213' title='bbox 1874 1461 1935 1495; x_wconf 91' lang='lat' dir='ltr'>est</span> <span class='ocrx_word' id='word_1_214' title='bbox 1953 1459 2004 1495; x_wconf 86' lang='lat' dir='ltr'>ab</span> 
     </span>
     <span class='ocr_line' id='line_1_24' title="bbox 337 1519 2006 1566; baseline -0.002 -8"><span class='ocrx_word' id='word_1_215' title='bbox 337 1523 545 1558; x_wconf 90' lang='lat' dir='ltr'>intellectu</span> <span class='ocrx_word' id='word_1_216' title='bbox 565 1523 741 1558; x_wconf 89' lang='lat' dir='ltr'>humano</span> <span class='ocrx_word' id='word_1_217' title='bbox 759 1520 965 1556; x_wconf 85' lang='lat' dir='ltr'>remotius.</span> <span class='ocrx_word' id='word_1_218' title='bbox 995 1520 1101 1566; x_wconf 85' lang='lat' dir='ltr'>Ergo</span> <span class='ocrx_word' id='word_1_219' title='bbox 1123 1520 1158 1556; x_wconf 92' lang='lat' dir='ltr'>si</span> <span class='ocrx_word' id='word_1_220' title='bbox 1177 1520 1248 1556; x_wconf 82' lang='lat' dir='ltr'>lux</span> <span class='ocrx_word' id='word_1_221' title='bbox 1268 1520 1406 1556; x_wconf 91' lang='lat' dir='ltr'>divina</span> <span class='ocrx_word' id='word_1_222' title='bbox 1426 1521 1490 1555; x_wconf 90' lang='lat' dir='ltr'>est</span> <span class='ocrx_word' id='word_1_223' title='bbox 1510 1519 1819 1564; x_wconf 82' lang='lat' dir='ltr'>simplicissima,</span> <span class='ocrx_word' id='word_1_224' title='bbox 1842 1528 1939 1564; x_wconf 91' lang='lat' dir='ltr'>ergo</span> <span class='ocrx_word' id='word_1_225' title='bbox 1966 1520 2006 1555; x_wconf 93' lang='lat' dir='ltr'>et</span> 
     </span>
     <span class='ocr_line' id='line_1_25' title="bbox 337 1578 2003 1627; baseline -0.002 -10"><span class='ocrx_word' id='word_1_226' title='bbox 337 1584 407 1625; x_wconf 88' lang='lat' dir='ltr'>&lt;a&gt;</span> <span class='ocrx_word' id='word_1_227' title='bbox 423 1581 656 1627; x_wconf 88' lang='lat' dir='ltr'>cognitione</span> <span class='ocrx_word' id='word_1_228' title='bbox 674 1581 851 1616; x_wconf 82' lang='lat' dir='ltr'>humana</span> <span class='ocrx_word' id='word_1_229' title='bbox 869 1579 1153 1616; x_wconf 86' lang='lat' dir='ltr'>remotissima.</span> <span class='ocrx_word' id='word_1_230' title='bbox 1180 1579 1284 1625; x_wconf 91' lang='lat' dir='ltr'>Ergo</span> <span class='ocrx_word' id='word_1_231' title='bbox 1306 1588 1389 1615; x_wconf 92' lang='lat' dir='ltr'>non</span> <span class='ocrx_word' id='word_1_232' title='bbox 1411 1580 1474 1614; x_wconf 89' lang='lat' dir='ltr'>est</span> <span class='ocrx_word' id='word_1_233' title='bbox 1492 1578 1595 1615; x_wconf 86' lang='lat' dir='ltr'>ratio</span> <span class='ocrx_word' id='word_1_234' title='bbox 1616 1578 1895 1624; x_wconf 87' lang='lat' dir='ltr'>cognoscendi</span> <span class='ocrx_word' id='word_1_235' title='bbox 1915 1578 2003 1614; x_wconf 85' lang='lat' dir='ltr'>alia.</span> 
     </span>
    </p>

    <p class='ocr_par' dir='ltr' id='par_1_7' title="bbox 478 1637 2004 1684">
     <span class='ocr_line' id='line_1_26' title="bbox 478 1637 2004 1684; baseline -0.002 -9"><span class='ocrx_word' id='word_1_236' title='bbox 478 1640 530 1676; x_wconf 89' lang='lat'>10.</span> <span class='ocrx_word' id='word_1_237' title='bbox 568 1639 668 1676; x_wconf 91' lang='lat' dir='ltr'>Item</span> <span class='ocrx_word' id='word_1_238' title='bbox 704 1639 746 1674; x_wconf 89' lang='lat' dir='ltr'>in</span> <span class='ocrx_word' id='word_1_239' title='bbox 783 1639 873 1674; x_wconf 87' lang='lat' dir='ltr'>visu</span> <span class='ocrx_word' id='word_1_240' title='bbox 908 1638 1110 1683; x_wconf 88' lang='lat' dir='ltr'>corporali</span> <span class='ocrx_word' id='word_1_241' title='bbox 1140 1638 1243 1674; x_wconf 86' lang='lat' dir='ltr'>ratio</span> <span class='ocrx_word' id='word_1_242' title='bbox 1271 1637 1551 1684; x_wconf 86' lang='lat' dir='ltr'>cognoscendi</span> <span class='ocrx_word' id='word_1_243' title='bbox 1577 1638 1640 1673; x_wconf 85' lang='lat' dir='ltr'>est</span> <span class='ocrx_word' id='word_1_244' title='bbox 1667 1637 1829 1682; x_wconf 87' lang='lat' dir='ltr'>species</span> <span class='ocrx_word' id='word_1_245' title='bbox 1856 1637 2004 1673; x_wconf 87' lang='lat' dir='ltr'>coloris</span> 
     </span>
    </p>
   </div>
   <div class='ocr_carea' id='block_1_4' title="bbox 339 1696 2058 1742">
    <p class='ocr_par' dir='ltr' id='par_1_8' title="bbox 339 1696 2058 1742">
     <span class='ocr_line' id='line_1_27' title="bbox 339 1696 2058 1742; baseline -0.002 -7"><span class='ocrx_word' id='word_1_246' title='bbox 339 1700 379 1736; x_wconf 91' lang='lat' dir='ltr'>et</span> <span class='ocrx_word' id='word_1_247' title='bbox 404 1700 474 1735; x_wconf 87' lang='lat' dir='ltr'>lux</span> <span class='ocrx_word' id='word_1_248' title='bbox 499 1699 704 1735; x_wconf 89' lang='lat' dir='ltr'>illustrans</span> <span class='ocrx_word' id='word_1_249' title='bbox 732 1699 911 1734; x_wconf 90' lang='lat' dir='ltr'>colorem</span> <span class='ocrx_word' id='word_1_250' title='bbox 922 1700 946 1733; x_wconf 84' lang='lat'>2.</span> <span class='ocrx_word' id='word_1_251' title='bbox 998 1697 1079 1734; x_wconf 88' lang='lat' dir='ltr'>Sed</span> <span class='ocrx_word' id='word_1_252' title='bbox 1103 1698 1174 1733; x_wconf 87' lang='lat' dir='ltr'>lux</span> <span class='ocrx_word' id='word_1_253' title='bbox 1199 1698 1254 1733; x_wconf 93' lang='lat' dir='ltr'>ibi</span> <span class='ocrx_word' id='word_1_254' title='bbox 1279 1707 1362 1733; x_wconf 92' lang='lat' dir='ltr'>non</span> <span class='ocrx_word' id='word_1_255' title='bbox 1390 1699 1453 1733; x_wconf 91' lang='lat' dir='ltr'>est</span> <span class='ocrx_word' id='word_1_256' title='bbox 1484 1697 1587 1733; x_wconf 87' lang='lat' dir='ltr'>ratio</span> <span class='ocrx_word' id='word_1_257' title='bbox 1621 1696 1900 1742; x_wconf 85' lang='lat' dir='ltr'>cognoscendi</span> <span class='ocrx_word' id='word_1_258' title='bbox 1927 1696 2004 1732; x_wconf 89' lang='lat' dir='ltr'>nisi</span> <span class='ocrx_word' id='word_1_259' title='bbox 2044 1703 2058 1727; x_wconf 79' lang='lat'><strong>5</strong></span> 
     </span>
    </p>
   </div>
   <div class='ocr_carea' id='block_1_5' title="bbox 337 1756 2006 2099">
    <p class='ocr_par' dir='ltr' id='par_1_9' title="bbox 338 1756 2006 1923">
     <span class='ocr_line' id='line_1_28' title="bbox 339 1756 2006 1802; baseline -0.003 -7"><span class='ocrx_word' id='word_1_260' title='bbox 339 1758 563 1795; x_wconf 78' lang='lat' dir='ltr'>efficaciter</span> <span class='ocrx_word' id='word_1_261' title='bbox 592 1759 758 1794; x_wconf 88' lang='lat' dir='ltr'>tantum.</span> <span class='ocrx_word' id='word_1_262' title='bbox 807 1757 911 1802; x_wconf 91' lang='lat' dir='ltr'>Ergo</span> <span class='ocrx_word' id='word_1_263' title='bbox 944 1766 969 1793; x_wconf 90' lang='lat' dir='ltr'>a</span> <span class='ocrx_word' id='word_1_264' title='bbox 1001 1756 1131 1799; x_wconf 79' lang='lat' dir='ltr'>simili,</span> <span class='ocrx_word' id='word_1_265' title='bbox 1170 1756 1371 1801; x_wconf 88' lang='lat' dir='ltr'>quamvis</span> <span class='ocrx_word' id='word_1_266' title='bbox 1394 1756 1435 1792; x_wconf 92' lang='lat' dir='ltr'>in</span> <span class='ocrx_word' id='word_1_267' title='bbox 1473 1756 1720 1792; x_wconf 77' lang='lat' dir='ltr'>Intellectum</span> <span class='ocrx_word' id='word_1_268' title='bbox 1761 1757 2006 1791; x_wconf 86' lang='lat' dir='ltr'>concurrant</span> 
     </span>
     <span class='ocr_line' id='line_1_29' title="bbox 339 1814 2004 1863; baseline -0.002 -9"><span class='ocrx_word' id='word_1_269' title='bbox 339 1817 501 1863; x_wconf 88' lang='lat' dir='ltr'>species</span> <span class='ocrx_word' id='word_1_270' title='bbox 527 1816 802 1862; x_wconf 91' lang='lat' dir='ltr'>intelligibiles</span> <span class='ocrx_word' id='word_1_271' title='bbox 830 1817 870 1852; x_wconf 86' lang='lat' dir='ltr'>et</span> <span class='ocrx_word' id='word_1_272' title='bbox 895 1816 965 1851; x_wconf 82' lang='lat' dir='ltr'>lux</span> <span class='ocrx_word' id='word_1_273' title='bbox 990 1815 1184 1857; x_wconf 90' lang='lat' dir='ltr'>increata,</span> <span class='ocrx_word' id='word_1_274' title='bbox 1211 1816 1282 1851; x_wconf 88' lang='lat' dir='ltr'>lux</span> <span class='ocrx_word' id='word_1_275' title='bbox 1307 1815 1490 1851; x_wconf 86' lang='lat' dir='ltr'>increata</span> <span class='ocrx_word' id='word_1_276' title='bbox 1516 1824 1561 1850; x_wconf 92' lang='lat' dir='ltr'>se</span> <span class='ocrx_word' id='word_1_277' title='bbox 1588 1814 1755 1850; x_wconf 86' lang='lat' dir='ltr'>habebit</span> <span class='ocrx_word' id='word_1_278' title='bbox 1779 1814 1819 1850; x_wconf 82' lang='lat' dir='ltr'>In</span> <span class='ocrx_word' id='word_1_279' title='bbox 1846 1814 2004 1851; x_wconf 89' lang='lat' dir='ltr'>ratione</span> 
     </span>
     <span class='ocr_line' id='line_1_30' title="bbox 338 1874 1121 1923; baseline -0.004 -10"><span class='ocrx_word' id='word_1_280' title='bbox 338 1876 498 1923; x_wconf 80' lang='lat' dir='ltr'>agentiS</span> <span class='ocrx_word' id='word_1_281' title='bbox 525 1877 681 1912; x_wconf 90' lang='lat' dir='ltr'>tantum</span> <span class='ocrx_word' id='word_1_282' title='bbox 707 1875 747 1911; x_wconf 91' lang='lat' dir='ltr'>in</span> <span class='ocrx_word' id='word_1_283' title='bbox 773 1876 849 1911; x_wconf 87' lang='lat' dir='ltr'>hac</span> <span class='ocrx_word' id='word_1_284' title='bbox 875 1874 1121 1921; x_wconf 88' lang='lat' dir='ltr'>cognitione.</span> 
     </span>
    </p>

    <p class='ocr_par' dir='ltr' id='par_1_10' title="bbox 337 1933 2006 2099">
     <span class='ocr_line' id='line_1_31' title="bbox 479 1933 2006 1978; baseline -0.002 -7"><span class='ocrx_word' id='word_1_285' title='bbox 479 1937 531 1971; x_wconf 85' lang='lat'>11.</span> <span class='ocrx_word' id='word_1_286' title='bbox 568 1935 669 1971; x_wconf 91' lang='lat' dir='ltr'>Item</span> <span class='ocrx_word' id='word_1_287' title='bbox 705 1934 848 1971; x_wconf 77' lang='lat' dir='ltr'>fortior</span> <span class='ocrx_word' id='word_1_288' title='bbox 874 1935 938 1970; x_wconf 91' lang='lat' dir='ltr'>est</span> <span class='ocrx_word' id='word_1_289' title='bbox 964 1935 1154 1970; x_wconf 89' lang='lat' dir='ltr'>creatura</span> <span class='ocrx_word' id='word_1_290' title='bbox 1178 1934 1387 1970; x_wconf 88' lang='lat' dir='ltr'>rati0nalis</span> <span class='ocrx_word' id='word_1_291' title='bbox 1415 1943 1536 1978; x_wconf 91' lang='lat' dir='ltr'>quam</span> <span class='ocrx_word' id='word_1_292' title='bbox 1562 1933 1698 1978; x_wconf 88' lang='lat' dir='ltr'>aliqua</span> <span class='ocrx_word' id='word_1_293' title='bbox 1723 1933 1813 1975; x_wconf 87' lang='lat' dir='ltr'>alia,</span> <span class='ocrx_word' id='word_1_294' title='bbox 1852 1934 1892 1969; x_wconf 92' lang='lat' dir='ltr'>et</span> <span class='ocrx_word' id='word_1_295' title='bbox 1917 1942 2006 1978; x_wconf 90' lang='lat' dir='ltr'>per-</span> 
     </span>
     <span class='ocr_line' id='line_1_32' title="bbox 337 1992 2006 2038; baseline -0.002 -7"><span class='ocrx_word' id='word_1_296' title='bbox 337 1994 483 2031; x_wconf 80' lang='lat' dir='ltr'>fectius</span> <span class='ocrx_word' id='word_1_297' title='bbox 511 1994 702 2030; x_wconf 88' lang='lat' dir='ltr'>divinitus</span> <span class='ocrx_word' id='word_1_298' title='bbox 730 1994 807 2030; x_wconf 90' lang='lat' dir='ltr'>sibi</span> <span class='ocrx_word' id='word_1_299' title='bbox 844 1995 907 2030; x_wconf 89' lang='lat' dir='ltr'>est</span> <span class='ocrx_word' id='word_1_300' title='bbox 944 1993 1163 2038; x_wconf 89' lang='lat' dir='ltr'>provisum.</span> <span class='ocrx_word' id='word_1_301' title='bbox 1214 1993 1295 2029; x_wconf 91' lang='lat' dir='ltr'>Sed</span> <span class='ocrx_word' id='word_1_302' title='bbox 1333 1993 1517 2038; x_wconf 90' lang='lat' dir='ltr'>quamvis</span> <span class='ocrx_word' id='word_1_303' title='bbox 1556 1992 1666 2028; x_wconf 88' lang='lat' dir='ltr'>nulla</span> <span class='ocrx_word' id='word_1_304' title='bbox 1702 1992 1782 2028; x_wconf 88' lang='lat' dir='ltr'>alia</span> <span class='ocrx_word' id='word_1_305' title='bbox 1819 1993 2006 2028; x_wconf 89' lang='lat' dir='ltr'>creatura</span> 
     </span>
     <span class='ocr_line' id='line_1_33' title="bbox 338 2051 2006 2099; baseline -0.002 -9"><span class='ocrx_word' id='word_1_306' title='bbox 338 2053 469 2099; x_wconf 90' lang='lat' dir='ltr'>possit</span> <span class='ocrx_word' id='word_1_307' title='bbox 495 2053 775 2099; x_wconf 90' lang='lat' dir='ltr'>operationem</span> <span class='ocrx_word' id='word_1_308' title='bbox 797 2062 911 2089; x_wconf 92' lang='lat' dir='ltr'>suam</span> <span class='ocrx_word' id='word_1_309' title='bbox 931 2051 1144 2098; x_wconf 78' lang='lat' dir='ltr'>perficere,</span> <span class='ocrx_word' id='word_1_310' title='bbox 1171 2052 1309 2088; x_wconf 90' lang='lat' dir='ltr'>dicunt</span> <span class='ocrx_word' id='word_1_311' title='bbox 1332 2053 1469 2088; x_wconf 88' lang='lat' dir='ltr'>tamen</span> <span class='ocrx_word' id='word_1_312' title='bbox 1490 2051 1726 2097; x_wconf 73' lang='lat' dir='ltr'>simplICiter</span> <span class='ocrx_word' id='word_1_313' title='bbox 1744 2060 1868 2096; x_wconf 89' lang='lat' dir='ltr'>posse</span> <span class='ocrx_word' id='word_1_314' title='bbox 1891 2060 2006 2087; x_wconf 87' lang='lat' dir='ltr'>exer-</span> 
     </span>
    </p>
   </div>
   <div class='ocr_carea' id='block_1_6' title="bbox 321 2110 2005 2217">
    <p class='ocr_par' dir='ltr' id='par_1_11' title="bbox 321 2110 2005 2217">
     <span class='ocr_line' id='line_1_34' title="bbox 326 2110 2005 2158; baseline -0.002 -9"><span class='ocrx_word' id='word_1_315' title='bbox 326 2122 433 2149; x_wconf 65' lang='lat' dir='ltr'>cere</span> <span class='ocrx_word' id='word_1_316' title='bbox 459 2122 533 2158; x_wconf 92' lang='lat' dir='ltr'>per</span> <span class='ocrx_word' id='word_1_317' title='bbox 560 2122 605 2149; x_wconf 90' lang='lat' dir='ltr'>se</span> <span class='ocrx_word' id='word_1_318' title='bbox 633 2121 729 2148; x_wconf 89' lang='lat' dir='ltr'>suas</span> <span class='ocrx_word' id='word_1_319' title='bbox 757 2112 1031 2157; x_wconf 86' lang='lat' dir='ltr'>operationes.</span> <span class='ocrx_word' id='word_1_320' title='bbox 1080 2111 1184 2157; x_wconf 87' lang='lat' dir='ltr'>Ergo</span> <span class='ocrx_word' id='word_1_321' title='bbox 1213 2111 1397 2156; x_wconf 88' lang='lat' dir='ltr'>quamvis</span> <span class='ocrx_word' id='word_1_322' title='bbox 1424 2111 1494 2146; x_wconf 87' lang='lat' dir='ltr'>lux</span> <span class='ocrx_word' id='word_1_323' title='bbox 1521 2110 1659 2147; x_wconf 89' lang='lat' dir='ltr'>divina</span> <span class='ocrx_word' id='word_1_324' title='bbox 1679 2111 1924 2155; x_wconf 86' lang='lat' dir='ltr'>cooperetur</span> <span class='ocrx_word' id='word_1_325' title='bbox 1949 2110 2005 2146; x_wconf 85' lang='lat' dir='ltr'>in-</span> 
     </span>
     <span class='ocr_line' id='line_1_35' title="bbox 321 2159 2002 2217; baseline -0.002 -8"><span class='ocrx_word' id='word_1_326' title='bbox 321 2171 517 2211; x_wconf 65' lang='lat' dir='ltr'>¹itellectui</span> <span class='ocrx_word' id='word_1_327' title='bbox 541 2171 582 2207; x_wconf 89' lang='lat' dir='ltr'>in</span> <span class='ocrx_word' id='word_1_328' title='bbox 609 2171 848 2217; x_wconf 87' lang='lat' dir='ltr'>operatione</span> <span class='ocrx_word' id='word_1_329' title='bbox 876 2180 960 2213; x_wconf 89' lang='lat' dir='ltr'>sua,</span> <span class='ocrx_word' id='word_1_330' title='bbox 986 2172 1124 2207; x_wconf 86' lang='lat' dir='ltr'>tamen</span> <span class='ocrx_word' id='word_1_331' title='bbox 1151 2159 1387 2215; x_wconf 89' lang='lat' dir='ltr'>simpliciter</span> <span class='ocrx_word' id='word_1_332' title='bbox 1412 2170 1610 2206; x_wconf 88' lang='lat' dir='ltr'>dicendus</span> <span class='ocrx_word' id='word_1_333' title='bbox 1639 2171 1701 2206; x_wconf 93' lang='lat' dir='ltr'>est</span> <span class='ocrx_word' id='word_1_334' title='bbox 1727 2179 1800 2214; x_wconf 88' lang='lat' dir='ltr'>per</span> <span class='ocrx_word' id='word_1_335' title='bbox 1826 2179 1872 2205; x_wconf 91' lang='lat' dir='ltr'>se</span> <span class='ocrx_word' id='word_1_336' title='bbox 1899 2171 1939 2205; x_wconf 85' lang='lat' dir='ltr'>et</span> <span class='ocrx_word' id='word_1_337' title='bbox 1964 2169 2002 2205; x_wconf 76' lang='lat' dir='ltr'>In</span> 
     </span>
    </p>
   </div>
   <div class='ocr_carea' id='block_1_7' title="bbox 320 2231 649 2279">
    <p class='ocr_par' dir='ltr' id='par_1_12' title="bbox 320 2231 649 2279">
     <span class='ocr_line' id='line_1_36' title="bbox 320 2231 649 2279; baseline -0.003 -12"><span class='ocrx_word' id='word_1_338' title='bbox 320 2243 323 2257; x_wconf 76' lang='lat'><em>2</em></span> <span class='ocrx_word' id='word_1_339' title='bbox 339 2241 384 2268; x_wconf 91' lang='lat' dir='ltr'>se</span> <span class='ocrx_word' id='word_1_340' title='bbox 411 2231 649 2279; x_wconf 87' lang='lat' dir='ltr'>intelligere.</span> 
     </span>
    </p>
   </div>
   <div class='ocr_carea' id='block_1_8' title="bbox 338 2288 2006 2570">
    <p class='ocr_par' dir='ltr' id='par_1_13' title="bbox 338 2288 2006 2504">
     <span class='ocr_line' id='line_1_37' title="bbox 478 2288 2005 2334; baseline -0.002 -8"><span class='ocrx_word' id='word_1_341' title='bbox 478 2291 532 2326; x_wconf 82' lang='grc'>12.</span> <span class='ocrx_word' id='word_1_342' title='bbox 558 2289 659 2326; x_wconf 89' lang='lat' dir='ltr'>Item</span> <span class='ocrx_word' id='word_1_343' title='bbox 685 2289 720 2325; x_wconf 93' lang='lat' dir='ltr'>si</span> <span class='ocrx_word' id='word_1_344' title='bbox 744 2289 815 2325; x_wconf 87' lang='lat' dir='ltr'>lux</span> <span class='ocrx_word' id='word_1_345' title='bbox 839 2288 1024 2325; x_wconf 90' lang='lat' dir='ltr'>increata</span> <span class='ocrx_word' id='word_1_346' title='bbox 1050 2289 1242 2334; x_wconf 87' lang='lat' dir='ltr'>operatur</span> <span class='ocrx_word' id='word_1_347' title='bbox 1267 2288 1309 2324; x_wconf 91' lang='lat' dir='ltr'>in</span> <span class='ocrx_word' id='word_1_348' title='bbox 1340 2288 1549 2324; x_wconf 74' lang='lat' dir='ltr'>Intellectu</span> <span class='ocrx_word' id='word_1_349' title='bbox 1578 2288 1731 2330; x_wconf 87' lang='lat' dir='ltr'>nostro,</span> <span class='ocrx_word' id='word_1_350' title='bbox 1766 2289 1835 2324; x_wconf 91' lang='lat' dir='ltr'>aut</span> <span class='ocrx_word' id='word_1_351' title='bbox 1863 2296 2005 2323; x_wconf 92' lang='lat' dir='ltr'>secun-</span> 
     </span>
     <span class='ocr_line' id='line_1_38' title="bbox 339 2346 2006 2393; baseline -0.002 -8"><span class='ocrx_word' id='word_1_352' title='bbox 339 2350 433 2386; x_wconf 90' lang='lat' dir='ltr'>dum</span> <span class='ocrx_word' id='word_1_353' title='bbox 450 2349 652 2385; x_wconf 86' lang='lat' dir='ltr'>rationem</span> <span class='ocrx_word' id='word_1_354' title='bbox 671 2347 881 2393; x_wconf 88' lang='lat' dir='ltr'>potentiae</span> <span class='ocrx_word' id='word_1_355' title='bbox 902 2347 1119 2384; x_wconf 81' lang='lat' dir='ltr'>efficientis</span> <span class='ocrx_word' id='word_1_356' title='bbox 1138 2368 1183 2372; x_wconf 88' lang='lat'>-—</span> <span class='ocrx_word' id='word_1_357' title='bbox 1202 2348 1242 2383; x_wconf 89' lang='lat' dir='ltr'>et</span> <span class='ocrx_word' id='word_1_358' title='bbox 1261 2348 1358 2383; x_wconf 91' lang='lat' dir='ltr'>tunc</span> <span class='ocrx_word' id='word_1_359' title='bbox 1378 2357 1461 2383; x_wconf 87' lang='lat' dir='ltr'>non</span> <span class='ocrx_word' id='word_1_360' title='bbox 1481 2347 1598 2383; x_wconf 90' lang='lat' dir='ltr'>aliter</span> <span class='ocrx_word' id='word_1_361' title='bbox 1618 2356 1738 2392; x_wconf 89' lang='lat' dir='ltr'>quam</span> <span class='ocrx_word' id='word_1_362' title='bbox 1758 2347 1798 2382; x_wconf 83' lang='lat' dir='ltr'>In</span> <span class='ocrx_word' id='word_1_363' title='bbox 1820 2346 2006 2383; x_wconf 89' lang='lat' dir='ltr'>omnibus</span> 
     </span>
     <span class='ocr_line' id='line_1_39' title="bbox 338 2405 2006 2453; baseline -0.003 -8"><span class='ocrx_word' id='word_1_364' title='bbox 338 2408 445 2452; x_wconf 88' lang='lat' dir='ltr'>aliis;</span> <span class='ocrx_word' id='word_1_365' title='bbox 483 2409 552 2444; x_wconf 91' lang='lat' dir='ltr'>aut</span> <span class='ocrx_word' id='word_1_366' title='bbox 577 2417 651 2453; x_wconf 89' lang='lat' dir='ltr'>per</span> <span class='ocrx_word' id='word_1_367' title='bbox 675 2406 839 2443; x_wconf 90' lang='lat' dir='ltr'>modum</span> <span class='ocrx_word' id='word_1_368' title='bbox 864 2406 966 2443; x_wconf 91' lang='lat' dir='ltr'>lucis</span> <span class='ocrx_word' id='word_1_369' title='bbox 991 2406 1166 2443; x_wconf 90' lang='lat' dir='ltr'>lucentis</span> <span class='ocrx_word' id='word_1_370' title='bbox 1195 2427 1236 2431; x_wconf 97' lang='lat'><strong>—</strong></span> <span class='ocrx_word' id='word_1_371' title='bbox 1264 2408 1305 2442; x_wconf 87' lang='lat' dir='ltr'>et</span> <span class='ocrx_word' id='word_1_372' title='bbox 1329 2407 1407 2442; x_wconf 90' lang='lat' dir='ltr'>hoc</span> <span class='ocrx_word' id='word_1_373' title='bbox 1432 2415 1515 2442; x_wconf 90' lang='lat' dir='ltr'>non</span> <span class='ocrx_word' id='word_1_374' title='bbox 1542 2406 1686 2451; x_wconf 87' lang='lat' dir='ltr'>potest,</span> <span class='ocrx_word' id='word_1_375' title='bbox 1725 2406 1820 2450; x_wconf 86' lang='lat' dir='ltr'>quia</span> <span class='ocrx_word' id='word_1_376' title='bbox 1844 2405 1914 2440; x_wconf 89' lang='lat' dir='ltr'>lux</span> <span class='ocrx_word' id='word_1_377' title='bbox 1939 2405 2006 2440; x_wconf 88' lang='lat' dir='ltr'>illa</span> 
     </span>
     <span class='ocr_line' id='line_1_40' title="bbox 340 2466 760 2504; baseline -0.007 0"><span class='ocrx_word' id='word_1_378' title='bbox 340 2468 403 2504; x_wconf 89' lang='lat' dir='ltr'>est</span> <span class='ocrx_word' id='word_1_379' title='bbox 427 2466 722 2503; x_wconf 85' lang='lat' dir='ltr'>inaccessibilis</span> <span class='ocrx_word' id='word_1_380' title='bbox 736 2468 760 2501; x_wconf 81' lang='grc'>3.</span> 
     </span>
    </p>

    <p class='ocr_par' dir='ltr' id='par_1_14' title="bbox 479 2524 2004 2570">
     <span class='ocr_line' id='line_1_41' title="bbox 479 2524 2004 2570; baseline -0.003 -8"><span class='ocrx_word' id='word_1_381' title='bbox 479 2527 532 2563; x_wconf 91' lang='grc'>13.</span> <span class='ocrx_word' id='word_1_382' title='bbox 558 2525 658 2561; x_wconf 91' lang='lat' dir='ltr'>Item</span> <span class='ocrx_word' id='word_1_383' title='bbox 684 2525 816 2561; x_wconf 92' lang='lat' dir='ltr'>minus</span> <span class='ocrx_word' id='word_1_384' title='bbox 844 2525 907 2561; x_wconf 90' lang='lat' dir='ltr'>est</span> <span class='ocrx_word' id='word_1_385' title='bbox 932 2524 1293 2570; x_wconf 88' lang='lat' dir='ltr'>proportionabilis</span> <span class='ocrx_word' id='word_1_386' title='bbox 1313 2525 1385 2561; x_wconf 88' lang='lat' dir='ltr'>lux</span> <span class='ocrx_word' id='word_1_387' title='bbox 1403 2524 1586 2561; x_wconf 88' lang='lat' dir='ltr'>increata</span> <span class='ocrx_word' id='word_1_388' title='bbox 1606 2524 1845 2568; x_wconf 87' lang='lat' dir='ltr'>cuicumque</span> <span class='ocrx_word' id='word_1_389' title='bbox 1867 2526 2004 2558; x_wconf 84' lang='lat' dir='ltr'>creato</span> 
     </span>
    </p>
   </div>
   <div class='ocr_carea' id='block_1_9' title="bbox 2025 810 2056 834">
    <p class='ocr_par' dir='ltr' id='par_1_15' title="bbox 2025 810 2056 834">
     <span class='ocr_line' id='line_1_42' title="bbox 2025 810 2056 834; baseline 0 0"><span class='ocrx_word' id='word_1_390' title='bbox 2025 810 2056 834; x_wconf 89' lang='lat'>10</span> 
     </span>
    </p>
   </div>
   <div class='ocr_carea' id='block_1_10' title="bbox 2024 1111 2056 1135">
    <p class='ocr_par' dir='ltr' id='par_1_16' title="bbox 2024 1111 2056 1135">
     <span class='ocr_line' id='line_1_43' title="bbox 2024 1111 2056 1135; baseline 0 0"><span class='ocrx_word' id='word_1_391' title='bbox 2024 1111 2056 1135; x_wconf 85' lang='lat'>15</span> 
     </span>
    </p>
   </div>
   <div class='ocr_carea' id='block_1_11' title="bbox 2023 1406 2057 1431">
    <p class='ocr_par' dir='ltr' id='par_1_17' title="bbox 2023 1406 2057 1431">
     <span class='ocr_line' id='line_1_44' title="bbox 2023 1406 2057 1431; baseline 0 0"><span class='ocrx_word' id='word_1_392' title='bbox 2023 1406 2057 1431; x_wconf 79' lang='lat'>20</span> 
     </span>
    </p>
   </div>
   <div class='ocr_carea' id='block_1_12' title="bbox 2025 2295 2057 2320">
    <p class='ocr_par' dir='ltr' id='par_1_18' title="bbox 2025 2295 2057 2320">
     <span class='ocr_line' id='line_1_45' title="bbox 2025 2295 2057 2320; baseline -0.031 0"><span class='ocrx_word' id='word_1_393' title='bbox 2025 2295 2057 2320; x_wconf 81' lang='lat'>35</span> 
     </span>
    </p>
   </div>
   <div class='ocr_carea' id='block_1_13' title="bbox 320 2581 2057 2688">
    <p class='ocr_par' dir='ltr' id='par_1_19' title="bbox 320 2581 2057 2688">
     <span class='ocr_line' id='line_1_46' title="bbox 339 2581 2057 2631; baseline -0.003 -10"><span class='ocrx_word' id='word_1_394' title='bbox 339 2595 459 2631; x_wconf 92' lang='lat' dir='ltr'>quam</span> <span class='ocrx_word' id='word_1_395' title='bbox 484 2585 555 2621; x_wconf 86' lang='lat' dir='ltr'>lux</span> <span class='ocrx_word' id='word_1_396' title='bbox 581 2583 684 2621; x_wconf 90' lang='lat' dir='ltr'>caeli</span> <span class='ocrx_word' id='word_1_397' title='bbox 704 2584 887 2629; x_wconf 87' lang='lat' dir='ltr'>empyrei</span> <span class='ocrx_word' id='word_1_398' title='bbox 907 2584 1027 2620; x_wconf 88' lang='lat' dir='ltr'>alicui</span> <span class='ocrx_word' id='word_1_399' title='bbox 1047 2583 1218 2631; x_wconf 86' lang='lat' dir='ltr'>corpori.</span> <span class='ocrx_word' id='word_1_400' title='bbox 1260 2583 1341 2620; x_wconf 89' lang='lat' dir='ltr'>Sed</span> <span class='ocrx_word' id='word_1_401' title='bbox 1362 2583 1433 2619; x_wconf 88' lang='lat' dir='ltr'>lux</span> <span class='ocrx_word' id='word_1_402' title='bbox 1451 2583 1520 2620; x_wconf 87' lang='lat' dir='ltr'>illa</span> <span class='ocrx_word' id='word_1_403' title='bbox 1538 2583 1706 2629; x_wconf 89' lang='lat' dir='ltr'>propter</span> <span class='ocrx_word' id='word_1_404' title='bbox 1724 2592 1837 2619; x_wconf 81' lang='lat' dir='ltr'>suam</span> <span class='ocrx_word' id='word_1_405' title='bbox 1859 2581 2006 2627; x_wconf 91' lang='lat' dir='ltr'>simpli·</span> <span class='ocrx_word' id='word_1_406' title='bbox 2023 2590 2057 2615; x_wconf 83' lang='lat'>40</span> 
     </span>
     <span class='ocr_line' id='line_1_47' title="bbox 320 2640 2004 2688; baseline -0.002 -8"><span class='ocrx_word' id='word_1_407' title='bbox 320 2644 502 2680; x_wconf 87' lang='lat' dir='ltr'>-citatem</span> <span class='ocrx_word' id='word_1_408' title='bbox 524 2644 587 2680; x_wconf 91' lang='lat' dir='ltr'>est</span> <span class='ocrx_word' id='word_1_409' title='bbox 605 2642 1017 2688; x_wconf 91' lang='lat' dir='ltr'>improportionabilis</span> <span class='ocrx_word' id='word_1_410' title='bbox 1037 2642 1146 2678; x_wconf 81' lang='lat' dir='ltr'>omni</span> <span class='ocrx_word' id='word_1_411' title='bbox 1165 2642 1303 2684; x_wconf 93' lang='lat' dir='ltr'>colori,</span> <span class='ocrx_word' id='word_1_412' title='bbox 1318 2642 1374 2678; x_wconf 89' lang='lat' dir='ltr'>ita</span> <span class='ocrx_word' id='word_1_413' title='bbox 1394 2642 1502 2687; x_wconf 91' lang='lat' dir='ltr'>quod</span> <span class='ocrx_word' id='word_1_414' title='bbox 1522 2651 1604 2678; x_wconf 93' lang='lat' dir='ltr'>non</span> <span class='ocrx_word' id='word_1_415' title='bbox 1625 2640 1856 2678; x_wconf 75' lang='lat' dir='ltr'>manifestat</span> <span class='ocrx_word' id='word_1_416' title='bbox 1873 2640 2004 2686; x_wconf 87' lang='lat' dir='ltr'>ipsum</span> 
     </span>
    </p>
   </div>
   <div class='ocr_carea' id='block_1_14' title="bbox 338 2699 2004 2862">
    <p class='ocr_par' dir='ltr' id='par_1_20' title="bbox 338 2699 2004 2862">
     <span class='ocr_line' id='line_1_48' title="bbox 338 2699 2004 2748; baseline -0.002 -9"><span class='ocrx_word' id='word_1_417' title='bbox 338 2702 417 2739; x_wconf 88' lang='lat' dir='ltr'>nisi</span> <span class='ocrx_word' id='word_1_418' title='bbox 443 2702 560 2739; x_wconf 90' lang='lat' dir='ltr'>oculo</span> <span class='ocrx_word' id='word_1_419' title='bbox 585 2701 776 2748; x_wconf 90' lang='lat' dir='ltr'>glorioso.</span> <span class='ocrx_word' id='word_1_420' title='bbox 827 2701 937 2738; x_wconf 78' lang='lat' dir='ltr'>SIcut</span> <span class='ocrx_word' id='word_1_421' title='bbox 974 2701 1098 2747; x_wconf 89' lang='lat' dir='ltr'>patet,</span> <span class='ocrx_word' id='word_1_422' title='bbox 1137 2701 1231 2746; x_wconf 89' lang='lat' dir='ltr'>quia</span> <span class='ocrx_word' id='word_1_423' title='bbox 1269 2700 1431 2746; x_wconf 90' lang='lat' dir='ltr'>quando</span> <span class='ocrx_word' id='word_1_424' title='bbox 1469 2702 1620 2738; x_wconf 92' lang='lat' dir='ltr'>absens</span> <span class='ocrx_word' id='word_1_425' title='bbox 1648 2702 1711 2736; x_wconf 90' lang='lat' dir='ltr'>est</span> <span class='ocrx_word' id='word_1_426' title='bbox 1735 2700 1867 2736; x_wconf 88' lang='lat' dir='ltr'>lumen</span> <span class='ocrx_word' id='word_1_427' title='bbox 1895 2699 2004 2740; x_wconf 79' lang='lat' dir='ltr'>solis,</span> 
     </span>
     <span class='ocr_line' id='line_1_49' title="bbox 339 2760 1217 2806; baseline -0.002 -9"><span class='ocrx_word' id='word_1_428' title='bbox 339 2761 436 2798; x_wconf 92' lang='lat' dir='ltr'>nihil</span> <span class='ocrx_word' id='word_1_429' title='bbox 461 2761 659 2798; x_wconf 88' lang='lat' dir='ltr'>videmus.</span> <span class='ocrx_word' id='word_1_430' title='bbox 706 2760 812 2806; x_wconf 90' lang='lat' dir='ltr'>Ergo</span> <span class='ocrx_word' id='word_1_431' title='bbox 838 2761 962 2797; x_wconf 89' lang='lat' dir='ltr'>multo</span> <span class='ocrx_word' id='word_1_432' title='bbox 988 2760 1117 2806; x_wconf 89' lang='lat' dir='ltr'>magis</span> <span class='ocrx_word' id='word_1_433' title='bbox 1143 2761 1217 2796; x_wconf 88' lang='lat' dir='ltr'>etc.</span> 
     </span>
     <span class='ocr_line' id='line_1_50' title="bbox 478 2818 2004 2862; baseline -0.003 -6"><span class='ocrx_word' id='word_1_434' title='bbox 478 2821 532 2856; x_wconf 91' lang='grc'>14.</span> <span class='ocrx_word' id='word_1_435' title='bbox 570 2820 669 2856; x_wconf 90' lang='lat' dir='ltr'>Item</span> <span class='ocrx_word' id='word_1_436' title='bbox 706 2819 741 2855; x_wconf 92' lang='lat' dir='ltr'>si</span> <span class='ocrx_word' id='word_1_437' title='bbox 776 2819 847 2855; x_wconf 85' lang='lat' dir='ltr'>lux</span> <span class='ocrx_word' id='word_1_438' title='bbox 883 2819 1066 2855; x_wconf 90' lang='lat' dir='ltr'>increata</span> <span class='ocrx_word' id='word_1_439' title='bbox 1104 2820 1165 2855; x_wconf 89' lang='lat' dir='ltr'>est</span> <span class='ocrx_word' id='word_1_440' title='bbox 1189 2818 1261 2854; x_wconf 87' lang='lat' dir='ltr'>lux</span> <span class='ocrx_word' id='word_1_441' title='bbox 1285 2818 1563 2855; x_wconf 87' lang='lat' dir='ltr'>intellectuum</span> <span class='ocrx_word' id='word_1_442' title='bbox 1589 2819 1868 2859; x_wconf 86' lang='lat' dir='ltr'>humanorum,</span> <span class='ocrx_word' id='word_1_443' title='bbox 1907 2825 2004 2862; x_wconf 88' lang='lat' dir='ltr'>ergo</span> 
     </span>
    </p>
   </div>
   <div class='ocr_carea' id='block_1_15' title="bbox 340 2876 2056 2924">
    <p class='ocr_par' dir='ltr' id='par_1_21' title="bbox 340 2876 2056 2924">
     <span class='ocr_line' id='line_1_51' title="bbox 340 2876 2056 2924; baseline -0.003 -9"><span class='ocrx_word' id='word_1_444' title='bbox 340 2889 430 2915; x_wconf 91' lang='lat' dir='ltr'>cum</span> <span class='ocrx_word' id='word_1_445' title='bbox 455 2879 576 2915; x_wconf 93' lang='lat' dir='ltr'>homo</span> <span class='ocrx_word' id='word_1_446' title='bbox 604 2878 757 2924; x_wconf 89' lang='lat' dir='ltr'>cogitet</span> <span class='ocrx_word' id='word_1_447' title='bbox 780 2878 999 2923; x_wconf 90' lang='lat' dir='ltr'>aliquando</span> <span class='ocrx_word' id='word_1_448' title='bbox 1025 2877 1313 2923; x_wconf 87' lang='lat' dir='ltr'>blasphemias,</span> <span class='ocrx_word' id='word_1_449' title='bbox 1353 2877 1505 2923; x_wconf 87' lang='lat' dir='ltr'>cogitet</span> <span class='ocrx_word' id='word_1_450' title='bbox 1537 2877 1658 2913; x_wconf 91' lang='lat' dir='ltr'>etiam</span> <span class='ocrx_word' id='word_1_451' title='bbox 1696 2876 1928 2913; x_wconf 78' lang='lat' dir='ltr'>interficere</span> <span class='ocrx_word' id='word_1_452' title='bbox 1965 2876 2004 2911; x_wconf 91' lang='lat' dir='ltr'>et</span> <span class='ocrx_word' id='word_1_453' title='bbox 2023 2884 2056 2908; x_wconf 72' lang='lat'>45</span> 
     </span>
    </p>
   </div>
   <div class='ocr_carea' id='block_1_16' title="bbox 339 2936 1852 2982">
    <p class='ocr_par' dir='ltr' id='par_1_22' title="bbox 339 2936 1852 2982">
     <span class='ocr_line' id='line_1_52' title="bbox 339 2936 1852 2982; baseline -0.002 -8"><span class='ocrx_word' id='word_1_454' title='bbox 339 2938 418 2974; x_wconf 88' lang='lat' dir='ltr'>alia</span> <span class='ocrx_word' id='word_1_455' title='bbox 444 2938 568 2974; x_wconf 90' lang='lat' dir='ltr'>multa</span> <span class='ocrx_word' id='word_1_456' title='bbox 593 2937 824 2974; x_wconf 91' lang='lat' dir='ltr'>huiusmodi</span> <span class='ocrx_word' id='word_1_457' title='bbox 848 2937 1112 2979; x_wconf 88' lang='lat' dir='ltr'>machinatur,</span> <span class='ocrx_word' id='word_1_458' title='bbox 1140 2945 1237 2982; x_wconf 89' lang='lat' dir='ltr'>ergo</span> <span class='ocrx_word' id='word_1_459' title='bbox 1264 2936 1376 2972; x_wconf 90' lang='lat' dir='ltr'>Deus</span> <span class='ocrx_word' id='word_1_460' title='bbox 1403 2938 1467 2972; x_wconf 88' lang='lat' dir='ltr'>est</span> <span class='ocrx_word' id='word_1_461' title='bbox 1493 2945 1619 2972; x_wconf 85' lang='lat' dir='ltr'>causa</span> <span class='ocrx_word' id='word_1_462' title='bbox 1645 2936 1852 2972; x_wconf 89' lang='lat' dir='ltr'>malorum.</span> 
     </span>
    </p>
   </div>
   <div class='ocr_carea' id='block_1_17' title="bbox 477 3020 1866 3118">
    <p class='ocr_par' dir='ltr' id='par_1_23' title="bbox 477 3020 1866 3118">
     <span class='ocr_line' id='line_1_53' title="bbox 478 3020 1866 3063; baseline -0.001 -7"><span class='ocrx_word' id='word_1_463' title='bbox 478 3022 490 3046; x_wconf 86' lang='lat'>1</span> <span class='ocrx_word' id='word_1_464' title='bbox 516 3024 568 3056; x_wconf 87' lang='lat' dir='ltr'>De</span> <span class='ocrx_word' id='word_1_465' title='bbox 594 3024 734 3057; x_wconf 80' lang='lat' dir='ltr'>Anima</span> <span class='ocrx_word' id='word_1_466' title='bbox 758 3023 812 3062; x_wconf 88' lang='lat'>111,</span> <span class='ocrx_word' id='word_1_467' title='bbox 840 3024 858 3056; x_wconf 88' lang='grc'>4</span> <span class='ocrx_word' id='word_1_468' title='bbox 885 3022 919 3063; x_wconf 92' lang='grc'>(1</span> <span class='ocrx_word' id='word_1_469' title='bbox 947 3024 1036 3057; x_wconf 87' lang='lat' dir='ltr'>text.</span> <span class='ocrx_word' id='word_1_470' title='bbox 1063 3021 1109 3063; x_wconf 84' lang='grc'>2).</span> <span class='ocrx_word' id='word_1_471' title='bbox 1250 3021 1265 3044; x_wconf 85' lang='lat'>2</span> <span class='ocrx_word' id='word_1_472' title='bbox 1290 3023 1342 3055; x_wconf 85' lang='lat' dir='ltr'>De</span> <span class='ocrx_word' id='word_1_473' title='bbox 1369 3023 1509 3055; x_wconf 77' lang='lat' dir='ltr'>Anima</span> <span class='ocrx_word' id='word_1_474' title='bbox 1533 3022 1571 3062; x_wconf 90' lang='lat'>11,</span> <span class='ocrx_word' id='word_1_475' title='bbox 1600 3022 1641 3054; x_wconf 93' lang='grc'>10</span> <span class='ocrx_word' id='word_1_476' title='bbox 1668 3020 1770 3061; x_wconf 87' lang='lat' dir='ltr'>(text.</span> <span class='ocrx_word' id='word_1_477' title='bbox 1798 3020 1866 3060; x_wconf 86' lang='lat'><strong>72).</strong></span> 
     </span>
     <span class='ocr_line' id='line_1_54' title="bbox 477 3075 1049 3118; baseline 0.002 -10"><span class='ocrx_word' id='word_1_478' title='bbox 477 3075 492 3097; x_wconf 72' lang='lat'>³</span> <span class='ocrx_word' id='word_1_479' title='bbox 517 3076 630 3118; x_wconf 79' lang='lat' dir='ltr'>Epist.</span> <span class='ocrx_word' id='word_1_480' title='bbox 659 3077 684 3109; x_wconf 86' lang='lat' dir='ltr'>l.</span> <span class='ocrx_word' id='word_1_481' title='bbox 713 3076 773 3109; x_wconf 83' lang='lat' dir='ltr'>Ad</span> <span class='ocrx_word' id='word_1_482' title='bbox 799 3077 886 3110; x_wconf 70' lang='lat' dir='ltr'>Tim.</span> <span class='ocrx_word' id='word_1_483' title='bbox 913 3076 969 3116; x_wconf 86' lang='lat' dir='ltr'>Vl,</span> <span class='ocrx_word' id='word_1_484' title='bbox 997 3076 1049 3109; x_wconf 89' lang='grc'>16.</span> 
     </span>
    </p>
   </div>
  </div>
 </body>
</html>
