2095 3459
717 205 889 242 Quaestio
915 206 977 238 XV
1003 208 1038 238 et
1063 206 1150 239 XVI.
1707 203 1773 238 133

65 301 306 338 'materiale
334 302 397 338 est
429 302 469 337 et
506 302 622 346 quasi
656 302 853 347 possibile
889 304 1082 348 respectu
1109 303 1293 347 corporis
1321 302 1524 348 gloriosi1.
1577 301 1771 343 Quamvis

95 362 232 397 autem
259 360 461 397 subtilitas
483 370 699 406 corporum
719 361 990 406 gloriosorum
1012 362 1162 398 habeat
1181 363 1353 407 gradum
1374 362 1488 397 iuxta
1503 361 1772 406 quantitatem

95 419 357 456 beatitudinis
384 419 621 462 animarum,
647 420 786 456 tamen
813 420 1013 456 subtilitas
1041 420 1221 456 omnium
1249 430 1465 465 corporum
1499 420 1772 466 gloriosorum

96 479 159 514 est
188 478 374 514 eiusdem
400 478 555 524 speciei
575 480 662 521 <et>
689 479 912 515 consimilis
933 479 1190 516 actualitatis.
1242 479 1289 515 Et
1314 479 1407 515 ideo
1428 489 1553 515 unum
1579 480 1771 524 respectu

59 546 76 571 5
95 537 263 574 alterius
290 547 374 574 non
401 539 465 574 est
490 537 531 574 in
556 537 751 583 potentia.

283 625 453 663 Solutio
482 626 769 663 obiectorum
794 626 1102 672 <quaestionis
1129 626 1342 662 decimae
1369 626 1592 671 quintae>.
1798 630 1846 666 D.
1864 630 1948 666 XV.

238 699 267 733 1.
295 697 357 733 Ad
383 697 602 742 <primum>
629 697 834 734 obiectum
859 698 901 733 in
927 696 1174 733 contrarium
1203 696 1421 733 dicendum
1448 698 1555 742 quod
1587 698 1772 742 procedit

95 765 149 793 ex
169 755 391 792 subtilitate
419 756 671 798 elementari,
699 765 804 801 quae
831 755 1022 792 dividitur
1046 765 1121 801 per
1147 765 1333 800 corpora,
1360 765 1466 801 quae
1487 757 1705 792 moventur
1729 756 1771 792 in

95 815 310 852 elementis
336 815 519 860 partibus
547 815 822 852 condensatis.

45 887 75 912 10
234 881 266 916 2.
292 880 355 916 Ad
375 881 602 917 secundum
628 880 846 917 dicendum
873 880 981 925 quod
1007 879 1339 925 Philosophus
1366 879 1544 924 loquitur
1579 880 1630 916 de
1657 880 1771 925 spiri-

93 939 276 976 tualitate
302 939 488 982 naturali,
514 939 743 985 generabili
770 939 810 975 et
836 938 1097 984 corruptibili.

233 1005 265 1041 3.
291 1004 354 1040 Ad
379 1004 543 1040 tertium
569 1004 786 1040 dicendum
813 1003 922 1049 quod
948 1012 1096 1048 corpus
1124 1003 1347 1049 gloriosum
1373 1003 1505 1048 replet
1530 1003 1665 1039 locum
1692 1004 1770 1039 suf-

93 1062 282 1099 ficienter
306 1072 380 1108 per
416 1063 683 1108 quantitatem
719 1072 845 1099 suam.
897 1061 989 1104 Sed,
1016 1062 1059 1098 ut
1093 1062 1227 1098 visum
1254 1062 1355 1104 est2,
1383 1062 1551 1098 multum
1578 1062 1771 1099 differunt

93 1122 228 1159 locum
253 1122 416 1167 replere
443 1123 484 1158 et
509 1121 618 1158 aliud
644 1131 669 1158 a
694 1121 785 1158 loco
811 1131 886 1167 per
912 1121 1209 1166 corpulentiam
1236 1121 1470 1157 excludere.

45 1193 75 1218 15
233 1188 266 1224 4.
292 1187 356 1223 Ad
381 1188 568 1233 quartum
595 1186 810 1223 dicendum
837 1186 946 1232 quod
966 1187 1251 1232 argumentum
1271 1196 1354 1223 non
1376 1187 1592 1230 concludit,
1619 1187 1698 1224 nisi
1719 1188 1769 1224 de

94 1246 315 1283 subtilitate
341 1246 527 1283 naturali.

678 1472 987 1534 Quaestio
1026 1462 1179 1525 XVI.

95 1607 335 1653 Quaeritur
372 1608 518 1647 utrum
558 1617 749 1656 corpora
786 1606 981 1657 gloriosa
1017 1606 1168 1646 futura
1209 1608 1311 1646 sunt
1355 1607 1502 1658 agilia,
1545 1608 1608 1647 ita
1649 1609 1767 1658 quod

94 1688 270 1728 semper
308 1678 364 1718 ad
401 1679 569 1718 motum
608 1677 789 1728 spiritus
826 1677 998 1727 possint
1035 1677 1208 1718 moveri
1246 1678 1303 1718 ad
1343 1689 1519 1718 omnem
1551 1680 1724 1729 partem
1737 1673 1764 1719 3.

42 1795 75 1822 20
634 1778 688 1815 Et
712 1778 965 1815 ostenditur
990 1779 1110 1824 quod
1141 1778 1219 1815 sic.
1789 1783 1837 1819 A.

233 1863 264 1897 1.
290 1861 461 1898 Dicente
486 1861 720 1907 Sapientia,
745 1861 829 1905 HL,
849 1863 945 1905 <7.>:
974 1861 1218 1907 „Tamquam
1239 1862 1439 1898 scintillae
1458 1862 1501 1898 in
1520 1863 1765 1899 arundineto

94 1920 355 1958 discurrent.“
407 1920 592 1957 Glossa4:
620 1921 752 1966 „Sicut
776 1921 882 1968 ignis
910 1921 1043 1957 subito
1070 1921 1314 1957 arundinem
1341 1921 1544 1958 consumit
1570 1923 1669 1958 etc.“

233 1986 265 2021 2.
289 1985 391 2022 Item
425 1986 758 2032 Augustinus,
800 1986 926 2022 XXII.
956 1986 1014 2022 De
1050 1986 1268 2023 Civitate5:
1306 1986 1406 2030 „Ubi
1440 1986 1553 2023 volet
1588 1987 1765 2032 spiritus,

93 2045 149 2082 ibi
169 2045 245 2081 erit
269 2045 454 2090 protinus
482 2046 522 2082 et
548 2046 729 2091 corpus.“

44 2113 77 2139 25
233 2112 266 2147 3.
291 2110 392 2147 Item
411 2109 733 2156 Augustinus,
753 2110 812 2147 De
826 2111 1013 2154 Civitate,
1034 2111 1101 2147 lib.
1116 2110 1239 2154 XIII„
1265 2120 1354 2156 cap.
1368 2111 1415 2146 22
1428 2113 1452 2146 ⁶.
1482 2111 1547 2155 „In
1569 2111 1766 2156 spirituali

95 2178 230 2211 carne,
258 2169 332 2206 sed
356 2170 495 2206 tamen
514 2179 614 2206 vera
634 2169 767 2206 cibum
786 2180 835 2206 ac
854 2170 995 2215 potum
1014 2169 1211 2206 Dominus
1234 2179 1325 2206 cum
1346 2170 1554 2215 discipulis
1582 2171 1764 2216 sumpsit.

95 2228 183 2265 Non
210 2228 318 2265 enim
342 2229 539 2274 potestas,
576 2229 650 2265 sed
677 2229 842 2275 egestas
873 2229 1023 2265 edendi
1057 2238 1105 2265 ac
1140 2228 1308 2265 bibendi
1341 2228 1489 2265 talibus
1524 2230 1764 2274 corporibus

96 2286 308 2324 aufertur.“
360 2286 441 2323 Sed
478 2287 603 2324 multo
642 2287 955 2324 convenientior
998 2287 1074 2324 erIt
1111 2287 1259 2323 talibus
1299 2287 1539 2332 corporibus
1578 2289 1763 2333 potestas

96 2346 289 2383 movendi
313 2345 497 2382 localiter
516 2355 637 2392 quam
663 2347 917 2383 comedendi.
965 2346 1071 2392 Ergo
1099 2347 1174 2383 etc.

235 2479 248 2502 1
274 2480 460 2513 Concludit
494 2489 582 2522 ergo
615 2481 856 2513 Pechamus
892 2489 972 2513 cum
1006 2481 1180 2522 magistro
1207 2490 1273 2513 suo
1298 2482 1613 2514 Bonaventura
1639 2484 1764 2515 contra

96 2535 306 2567 Thomam.
355 2533 462 2566 Vide:
487 2534 658 2573 Bonav.,
687 2534 753 2575 Op.
781 2542 880 2567 omn.
905 2533 961 2573 IV,
990 2533 1077 2566 1029
1105 2532 1314 2573 (Scholion).

233 2586 248 2609 2
273 2587 390 2628 Supra
413 2596 448 2627 p.
476 2587 552 2626 130,
580 2588 625 2620 ad
652 2588 693 2619 17
720 2588 755 2620 et
779 2588 851 2619 not.
880 2588 910 2619 4.

172 2658 178 2660 -
234 2638 249 2662 3
272 2640 343 2672 Cir.
368 2640 538 2679 Bonav„
568 2639 633 2680 Op.
661 2648 758 2672 omn.
785 2639 840 2679 IV,
869 2639 955 2672 1031
984 2643 1050 2679 ss.;
1079 2639 1167 2672 1029
1195 2637 1408 2679 (Scholion);
1435 2640 1637 2679 Thomas,
1664 2640 1760 2673 Sent.

97 2693 153 2733 IV,
180 2693 212 2726 d.
239 2693 292 2732 44,
319 2701 351 2725 a.
376 2693 416 2731 3;
442 2691 571 2733 Suppl.
600 2701 632 2733 q.
661 2692 713 2732 84,
741 2701 772 2725 a.
801 2692 907 2731 1—3;
934 2692 1108 2731 scotus,
1127 2692 1223 2725 Sent.
1244 2692 1300 2731 IV,
1323 2692 1354 2725 d.
1376 2693 1430 2731 49,
1453 2702 1486 2733 q.
1510 2693 1568 2731 143
1595 2693 1762 2726 Monte-

98 2746 279 2785 iortino,
303 2744 361 2784 VI,
387 2745 453 2778 846
479 2754 528 2778 ss.

234 2797 250 2820 4
276 2798 411 2831 Glossa
434 2798 708 2831 interlinearis:
746 2797 863 2839 „Ignis
899 2799 959 2838 qui
993 2798 1243 2830 arundinetum
1277 2798 1347 2830 cito
1380 2798 1567 2837 consumit,
1606 2799 1762 2831 subitam

98 2852 303 2884 sanctorum
335 2851 569 2884 mutationem
604 2853 639 2884 et
671 2851 866 2883 vindictam
900 2851 1056 2883 celerem
1089 2851 1327 2891 reproborum
1353 2849 1615 2890 demonstrat“;
1654 2851 1760 2884 Ordi-

98 2904 234 2937 naria:
259 2903 442 2944 „Scintilla
466 2904 536 2937 duo
562 2904 657 2943 facit,
684 2904 822 2936 scilicet
846 2904 960 2936 mutat
985 2904 1054 2935 cito
1081 2903 1332 2935 arundinetum
1358 2904 1394 2936 et
1418 2902 1609 2936 vindicat.“

234 2955 249 2979 5
274 2957 327 2989 De
352 2956 454 2989 civit.
481 2957 581 2996 XXII,
609 2957 651 2989 30
678 2954 749 2996 (PL
774 2957 827 2996 41,
855 2957 919 2989 801
946 2965 980 2988 n.
1009 2954 1059 2996 1);
1097 2956 1160 2988 cfr.
1187 2955 1327 2998 Hugo,
1363 2956 1415 2988 De
1439 2955 1607 2989 Sacram.
1634 2957 1692 2989 lib.
1720 2957 1758 2996 Π,

99 3019 132 3050 p.
157 3010 275 3049 XVIII,-
301 3018 380 3050 cap.
407 3009 449 3042 20
475 3008 546 3048 (PL
572 3009 648 3049 176,
675 3009 768 3047 616).

235 3061 250 3084 6
275 3061 345 3102 (PL
370 3062 424 3102 41,
451 3060 543 3101 595.)
