2095 3459
827 206 998 242 Quaestio
1026 206 1126 240 XVII.
1752 206 1819 242 139

275 301 306 337 3.
336 300 434 337 Item
462 301 572 346 prius
601 303 642 338 et
668 303 873 347 posterius
901 303 941 339 in
969 304 1154 349 tempore
1182 305 1374 340 causatur
1400 313 1424 340 a
1451 304 1574 349 priori
1608 307 1648 341 et
1682 307 1818 350 poste-

135 360 230 396 riori
258 360 298 396 in
325 361 472 397 motu¹.
523 360 636 397 Prius
663 363 798 397 autem
829 363 869 397 et
896 363 1101 407 posterius
1130 363 1169 398 in
1203 364 1313 399 motu
1347 364 1539 399 causatur
1575 365 1818 410 perceptibi-

135 419 247 455 litate
275 419 435 456 mobilis
464 421 504 456 et
531 420 663 465 spatii,
702 430 826 466 super
861 421 969 466 quod
1007 423 1070 457 est
1106 423 1251 458 motus.
1303 421 1383 458 Sed
1418 432 1567 468 corpus
1594 423 1818 469 glor10sum

135 479 290 515 tantum
318 479 442 515 habet
468 479 519 515 de
546 480 838 525 magnitudine,
876 481 1071 525 quantum
1107 490 1191 517 non
1225 481 1461 527 gloriosum.
1510 481 1616 528 Ergo
1649 482 1819 528 requirit

98 545 114 570 5
135 539 295 582 tempus
322 547 395 583 pro
423 547 618 575 mensura
645 548 745 575 suae
772 539 1124 575 transmutationis
1153 540 1258 576 sicut
1284 549 1367 576 non
1393 540 1628 586 gloriosum.

274 598 306 632 4.
332 597 678 643 Respondebatur
705 598 813 642 quod
840 597 968 634 fertur
993 607 1067 643 per
1093 599 1264 643 tempus,
1292 599 1366 635 sed
1393 599 1729 645 imperceptibile.

275 655 446 693 Contra:
483 657 655 703 Agilitas
684 657 864 693 variatur
891 657 1116 693 secundum
1144 658 1426 694 diversitatem
1452 658 1607 704 gloriae
1636 660 1676 695 et
1702 660 1818 696 meri-

135 716 277 751 torum.
339 715 445 762 Ergo
485 726 609 752 unum
649 726 797 761 corpus
837 716 1060 762 gloriosum
1099 717 1283 753 velocius
1322 718 1511 753 movetur
1550 727 1671 763 quam
1709 718 1818 755 aliud

133 774 368 820 gloriosum.
420 775 679 820 Accipiamus
721 784 819 821 ergo
858 775 987 821 primo
1027 775 1251 821 gloriosum
1288 777 1329 812 et
1354 776 1617 813 velocissime
1653 778 1818 819 motum,

83 840 116 865 10
135 834 176 870 et
209 833 260 870 sit
289 834 333 870 A.
385 834 645 879 Accipiamus
684 833 918 870 tardissime
951 835 1115 877 motum,
1156 835 1196 870 et
1233 834 1284 870 sit
1319 835 1362 871 Β.
1413 834 1578 872 Certum
1614 837 1677 872 est
1709 837 1818 882 quod

134 892 240 929 inter
265 893 297 929 A
326 894 366 929 et
392 893 426 929 B
452 895 547 929 sunt
573 894 725 939 gradus
758 892 962 929 innumeri
992 892 1098 929 infra
1129 893 1162 929 A
1191 894 1231 929 et
1258 902 1382 938 supra
1409 893 1452 929 B.
1504 893 1584 930 Sed
1611 894 1737 931 multa
1762 894 1819 931 in-

135 952 347 989 sensibilia
380 952 536 989 faciunt
570 963 695 989 unum
731 952 929 989 sensibile
965 952 1179 998 integrum.
1229 951 1334 997 Ergo
1371 952 1505 997 posito
1541 954 1650 998 quod
1676 954 1709 990 A
1737 963 1819 990 mo-

135 1013 280 1048 veatur
303 1011 611 1053 insensibiliter,
639 1012 673 1048 B
699 1011 930 1048 movebitur
957 1011 1218 1048 sensibiliter.

272 1073 305 1108 5.
331 1071 432 1108 Item
458 1072 509 1108 ad
536 1072 615 1108 hoc
642 1072 704 1108 est
731 1071 841 1116 quod
868 1070 1051 1107 Christus
1080 1071 1330 1108 sensibiliter
1366 1072 1407 1108 et
1432 1071 1665 1108 videntibus
1702 1072 1819 1108 disci-

83 1135 114 1161 15
134 1130 239 1176 pulis
267 1131 352 1167 suis
373 1131 572 1167 ascendit.
625 1130 743 1171 Quod
764 1139 849 1166 non
870 1130 984 1166 esset
1004 1130 1213 1175 possibile,
1242 1130 1277 1166 si
1296 1130 1338 1166 in
1358 1130 1526 1167 instanti
1546 1130 1817 1168 ascendisset.

274 1190 306 1226 6.
333 1189 432 1226 Item
460 1190 687 1226 secundum
714 1189 1093 1234 Philosophum2
1120 1199 1268 1235 corpus
1296 1189 1449 1226 motum
1484 1191 1595 1226 motu
1630 1199 1819 1236 progres-

135 1249 224 1286 sivo
245 1250 434 1286 movetur
454 1258 528 1295 per
549 1258 705 1295 organa
726 1250 767 1285 et
787 1258 911 1293 super
930 1249 1090 1293 partem
1110 1248 1330 1285 immotam.
1375 1248 1494 1285 Unde
1516 1249 1610 1285 dum
1631 1250 1819 1285 movetur

134 1318 209 1354 pes
237 1308 394 1350 dexter,
421 1308 596 1354 quiescit
623 1308 800 1344 sinister.
851 1306 932 1344 Sed
960 1317 1109 1353 corpus
1138 1307 1361 1352 gloriosum
1390 1309 1454 1344 est
1480 1317 1628 1354 corpus
1660 1308 1819 1354 organi-

135 1368 279 1410 zatum‚
319 1368 359 1404 et
393 1368 582 1404 movetur
616 1376 691 1412 per
725 1366 995 1403 ministerium
1032 1375 1291 1417 organorum,
1331 1367 1401 1402 aut
1425 1366 1556 1403 frusta
1581 1366 1742 1403 videtur
1769 1376 1820 1404 ea

81 1431 116 1456 20
135 1427 301 1464 habere.
344 1425 450 1472 Ergo
479 1426 567 1463 eius
594 1426 808 1462 translatio
836 1425 1094 1471 componitur
1122 1435 1176 1462 ex
1201 1426 1314 1462 motu
1341 1426 1382 1462 et
1408 1426 1558 1471 quiete.
1601 1425 1708 1472 Ergo
1734 1436 1818 1462 non

136 1487 200 1523 est
224 1485 313 1529 <in>
339 1486 519 1522 instanti.

275 1546 307 1581 7.
334 1544 434 1581 Item
461 1545 596 1581 motus
625 1547 688 1581 est
715 1555 739 1581 a
765 1545 936 1585 motore‚
974 1545 1014 1580 et
1048 1544 1128 1580 duo
1156 1545 1290 1580 motus
1318 1553 1343 1580 a
1370 1543 1529 1580 duobus
1556 1543 1781 1580 motoribus
1792 1546 1817 1580 3.

137 1604 252 1645 Quae
279 1604 343 1640 est
370 1614 470 1650 ergo
497 1604 708 1650 proportio
736 1603 906 1640 motoris
933 1603 985 1640 ad
1011 1604 1224 1645 motorem,
1265 1613 1315 1640 ea
1351 1603 1474 1640 etiam
1510 1604 1573 1640 est
1605 1604 1739 1640 motus
1766 1604 1819 1640 ad

136 1664 290 1700 motum
316 1664 357 1700 et
382 1672 604 1700 mensurae
631 1664 683 1699 ad
710 1663 1050 1705 mensura<tu>m‚
1091 1662 1236 1699 saltem
1270 1662 1311 1698 in
1338 1662 1533 1708 generali.
1585 1662 1666 1699 Sed
1692 1662 1819 1698 virtus

83 1731 117 1756 25
136 1722 300 1760 animae
327 1722 534 1769 gloriosae
559 1732 644 1759 non
677 1722 843 1759 excedit
877 1722 918 1758 in
953 1721 1156 1758 infinitum
1190 1721 1383 1758 virtutem
1419 1721 1582 1758 animae
1618 1731 1702 1758 non
1737 1721 1819 1767 glo-

136 1781 286 1819 riosae.
334 1781 440 1828 Ergo
466 1791 546 1818 nec
571 1781 771 1818 velocitas
799 1781 1073 1818 velocitatem.
1122 1780 1171 1817 Et
1206 1781 1272 1822 ita,
1312 1780 1348 1817 si
1382 1790 1487 1817 unus
1520 1782 1654 1817 motus
1688 1780 1819 1817 estin

137 1842 335 1887 tempore,
362 1842 403 1878 et
428 1841 532 1878 alter
558 1841 622 1877 est
647 1841 688 1877 in
714 1841 914 1886 tempore,
941 1840 1127 1886 quamvis
1154 1840 1373 1886 inaequali.

277 1901 310 1936 8.
344 1899 445 1936 Item
480 1901 615 1936 motus
651 1900 716 1936 est
741 1909 766 1936 a
791 1900 986 1936 movente
1023 1900 1064 1936 et
1098 1899 1293 1945 recipitur
1318 1899 1359 1935 in
1385 1908 1431 1936 re
1456 1900 1568 1936 mota
1594 1899 1819 1936 secundum

138 1959 417 1996 conditionem
441 1959 504 1996 rei
528 1960 665 1996 motae
691 1959 759 1995 vel
784 1958 956 1995 mobilis.
1009 1958 1090 1995 Sed
1121 1958 1253 2005 gloria
1284 1968 1367 1995 non
1403 1958 1506 1994 tollit
1540 1958 1818 1995 conditionem

84 2033 119 2058 30
137 2018 198 2055 rei
223 2018 396 2060 mobilis,
423 2019 650 2055 secundum
677 2019 786 2064 quod
812 2018 985 2054 mobilis.
1033 2017 1139 2064 Ergo
1167 2018 1272 2054 sicut
1296 2018 1448 2054 mobile
1476 2018 1539 2054 est
1564 2017 1605 2053 in
1631 2018 1817 2063 tempore

139 2086 287 2123 corpus
313 2087 398 2114 non
423 2077 658 2124 gloriosum,
685 2077 742 2113 ita
768 2077 891 2113 etiam
917 2086 1066 2122 corpus
1092 2077 1327 2123 gloriosum.

277 2137 310 2173 9.
343 2136 442 2173 Item
480 2136 514 2173 si
550 2136 842 2173 transferretur
878 2136 1011 2172 subito
1039 2145 1188 2181 corpus
1216 2135 1451 2182 gloriosum,
1490 2136 1568 2172 hoc
1594 2145 1677 2172 non
1705 2136 1819 2172 esset

139 2195 218 2232 nisi
243 2204 318 2241 per
342 2195 599 2232 influentiam
625 2195 802 2241 spiritus,
829 2195 899 2241 qui
924 2196 989 2232 est
1018 2204 1143 2241 supra
1170 2196 1345 2240 tempus,
1372 2194 1413 2231 in
1441 2195 1575 2240 ipsum
1595 2194 1817 2241 gloriosum

140 2264 301 2300 corpus,
328 2254 532 2291 elevando
558 2254 692 2300 ipsum
717 2255 759 2291 in
785 2255 952 2291 modum
979 2254 1155 2299 spiritus.
1207 2253 1289 2290 Sed
1315 2254 1395 2290 hoc
1420 2263 1504 2290 non
1530 2253 1696 2297 sufficit;
1724 2253 1819 2299 quia

85 2327 119 2353 35
140 2312 272 2349 omnis
299 2313 484 2350 essentia
508 2313 634 2350 habet
659 2322 755 2350 esse
782 2323 807 2350 a
832 2313 962 2358 primo
1000 2314 1160 2349 motore
1196 2313 1454 2358 incorporeo,
1492 2312 1561 2358 qui
1596 2314 1659 2349 est
1694 2312 1817 2352 Deus,

140 2371 209 2417 qui
233 2371 365 2408 influit
389 2371 430 2408 in
458 2381 622 2408 omnem
650 2372 875 2409 essentiam
902 2372 1148 2413 immediate,
1188 2372 1496 2421 manutenendo
1522 2371 1651 2417 ipsam
1679 2372 1719 2408 et
1744 2380 1818 2416 per

139 2430 272 2476 ipsam
297 2430 435 2467 omnia
459 2430 690 2468 accidentia
715 2431 816 2473 eius,
842 2430 997 2467 scilicet
1023 2430 1292 2476 quantitatem
1319 2422 1394 2467 etc.
1431 2429 1537 2477 Ergo
1558 2440 1639 2476 qua
1657 2430 1817 2467 ratione

141 2491 285 2535 posset
310 2499 460 2535 corpus
487 2490 710 2535 gloriosum
745 2490 879 2527 subito
912 2489 1079 2532 moveri,
1118 2490 1264 2535 posset
1302 2489 1424 2526 etiam
1461 2499 1545 2525 non
1582 2489 1816 2535 gloriosum,

142 2549 183 2585 et
208 2558 290 2594 qua
313 2548 474 2585 ratione
500 2558 579 2585 nec
604 2559 740 2591 unum,
766 2559 846 2585 nec
870 2548 1083 2594 reliquum.

283 2647 302 2679 6
329 2647 633 2688 Respondebatur
665 2648 760 2688 quod
792 2646 916 2686 fertur]
950 2647 1191 2688 respondetur
1224 2648 1319 2687 quod
1351 2647 1536 2680 ferebatur
1632 2649 1673 2680 15
1706 2648 1741 2680 in
1766 2648 1817 2679 in-

142 2699 264 2739 stanti]
295 2700 555 2733 insensibiliter
674 2701 715 2733 21
742 2700 903 2740 instanti]
938 2700 1111 2733 instantia
1230 2701 1272 2732 26
1298 2700 1378 2739 nec]
1413 2709 1485 2733 non
1593 2701 1636 2733 30
1661 2700 1816 2739 mobilis!

141 2753 274 2787 mobile
375 2753 418 2786 33
446 2752 519 2794 qui]
546 2754 634 2794 quia·

283 2858 295 2881 1
321 2859 464 2897 Arist..
489 2860 600 2900 Phys.
625 2860 682 2898 IV,
711 2861 750 2893 11
778 2856 865 2902 (16).

282 2911 297 2934 2
321 2912 375 2945 De
398 2912 563 2946 Animal.
590 2914 752 2951 Ino-essu,
780 2922 859 2954 cap.
887 2913 923 2952 3;
952 2913 1015 2945 cfr.
1040 2912 1092 2945 De
1117 2912 1258 2945 Anima
1281 2912 1335 2951 111,
1364 2913 1417 2945 10.

283 2964 298 2987 3
323 2965 393 2998 Cfr.
420 2966 563 3005 Arist.‚
590 2964 752 3008 Metaph.
779 2966 848 3004 XII,
876 2967 964 2998 text.
993 2966 1034 2998 42
1056 2975 1103 2998 SS.
1131 2964 1202 3005 (XI,
1229 2964 1264 3004 8)
1303 2966 1339 2998 et
1373 2965 1614 3005 Averroes,
1647 2966 1815 3007 Epitome

146 3018 186 3050 ἰη
210 3019 384 3059 Metaph„
411 3019 513 3052 tract.
541 3019 571 3059 4,
606 3020 666 3052 ubi
700 3019 845 3061 ponitur
875 3027 1045 3051 numerus
1071 3019 1244 3050 motorum
1272 3018 1469 3050 secundum
1493 3027 1680 3051 numerum
1705 3019 1814 3051 mobi-

145 3071 231 3103 lium
256 3072 292 3104 et
316 3072 492 3112 motuum;
518 3072 683 3105 videatur
709 3081 821 3112 supra
846 3080 929 3112 pag.
956 3069 1010 3110 30,
1036 3072 1109 3104 not.
1138 3072 1174 3109 4;
1200 3080 1235 3111 p.
1263 3070 1316 3108 48,
1342 3072 1414 3103 not.
1443 3071 1473 3103 6.
