<?xml version="1.0" encoding="UTF-8"?>
<!DOCTYPE html PUBLIC "-//W3C//DTD XHTML 1.0 Transitional//EN"
    "http://www.w3.org/TR/xhtml1/DTD/xhtml1-transitional.dtd">
<html xmlns="http://www.w3.org/1999/xhtml" xml:lang="en" lang="en">
 <head>
  <title>
</title>
<meta http-equiv="Content-Type" content="text/html;charset=utf-8" />
  <meta name='ocr-system' content='tesseract 3.04.00' />
  <meta name='ocr-capabilities' content='ocr_page ocr_carea ocr_par ocr_line ocrx_word'/>
</head>
<body>
  <div class='ocr_page' id='page_1' title='image "./johannispechamiq00peck/johannispechamiq00peck_0138.png"; bbox 0 0 2095 3459; ppageno 0'>
   <div class='ocr_carea' id='block_1_1' title="bbox 309 213 1463 250">
    <p class='ocr_par' dir='ltr' id='par_1_1' title="bbox 309 213 1463 250">
     <span class='ocr_line' id='line_1_1' title="bbox 309 213 1463 250; baseline -0.002 -3"><span class='ocrx_word' id='word_1_1' title='bbox 309 213 353 247; x_wconf 83' lang='grc'>94</span> <span class='ocrx_word' id='word_1_2' title='bbox 819 214 995 246; x_wconf 78' lang='lat' dir='ltr'>Johannis</span> <span class='ocrx_word' id='word_1_3' title='bbox 1020 213 1188 246; x_wconf 89' lang='lat' dir='ltr'>Pechami</span> <span class='ocrx_word' id='word_1_4' title='bbox 1214 213 1463 250; x_wconf 84' lang='lat' dir='ltr'>Quaestiones.</span> 
     </span>
    </p>
   </div>
   <div class='ocr_carea' id='block_1_2' title="bbox 104 309 2039 2352">
    <p class='ocr_par' dir='ltr' id='par_1_2' title="bbox 104 309 2011 707">
     <span class='ocr_line' id='line_1_2' title="bbox 309 309 1973 354; baseline -0.002 -8"><span class='ocrx_word' id='word_1_5' title='bbox 309 311 490 347; x_wconf 87' lang='lat' dir='ltr'>rationes</span> <span class='ocrx_word' id='word_1_6' title='bbox 529 311 736 351; x_wconf 78' lang='lat' dir='ltr'>aeternae,</span> <span class='ocrx_word' id='word_1_7' title='bbox 777 319 829 345; x_wconf 86' lang='lat' dir='ltr'>ex</span> <span class='ocrx_word' id='word_1_8' title='bbox 865 319 914 346; x_wconf 91' lang='lat' dir='ltr'>eo</span> <span class='ocrx_word' id='word_1_9' title='bbox 951 309 1059 354; x_wconf 90' lang='lat' dir='ltr'>quod</span> <span class='ocrx_word' id='word_1_10' title='bbox 1094 309 1278 345; x_wconf 79' lang='lat' dir='ltr'>infinitae</span> <span class='ocrx_word' id='word_1_11' title='bbox 1314 310 1416 350; x_wconf 83' lang='lat' dir='ltr'>sunt,</span> <span class='ocrx_word' id='word_1_12' title='bbox 1455 309 1607 345; x_wconf 88' lang='lat' dir='ltr'>habent</span> <span class='ocrx_word' id='word_1_13' title='bbox 1640 310 1683 344; x_wconf 92' lang='lat' dir='ltr'>ut</span> <span class='ocrx_word' id='word_1_14' title='bbox 1717 309 1875 353; x_wconf 84' lang='lat' dir='ltr'>possint</span> <span class='ocrx_word' id='word_1_15' title='bbox 1906 318 1973 344; x_wconf 86' lang='lat' dir='ltr'>res</span> 
     </span>
     <span class='ocr_line' id='line_1_3' title="bbox 310 367 1973 413; baseline -0.001 -9"><span class='ocrx_word' id='word_1_16' title='bbox 310 369 467 405; x_wconf 90' lang='lat' dir='ltr'>ideatas</span> <span class='ocrx_word' id='word_1_17' title='bbox 506 369 546 404; x_wconf 93' lang='lat' dir='ltr'>in</span> <span class='ocrx_word' id='word_1_18' title='bbox 585 368 694 404; x_wconf 90' lang='lat' dir='ltr'>omni</span> <span class='ocrx_word' id='word_1_19' title='bbox 731 368 931 404; x_wconf 85' lang='lat' dir='ltr'>varietate</span> <span class='ocrx_word' id='word_1_20' title='bbox 970 377 1045 403; x_wconf 91' lang='lat' dir='ltr'>sua</span> <span class='ocrx_word' id='word_1_21' title='bbox 1083 368 1304 404; x_wconf 88' lang='lat' dir='ltr'>declarare.</span> <span class='ocrx_word' id='word_1_22' title='bbox 1354 367 1435 403; x_wconf 89' lang='lat' dir='ltr'>Ista</span> <span class='ocrx_word' id='word_1_23' title='bbox 1473 369 1608 403; x_wconf 90' lang='lat' dir='ltr'>autem</span> <span class='ocrx_word' id='word_1_24' title='bbox 1644 367 1817 413; x_wconf 82' lang='lat' dir='ltr'>dignitas</span> <span class='ocrx_word' id='word_1_25' title='bbox 1856 367 1973 403; x_wconf 83' lang='lat' dir='ltr'>ideae</span> 
     </span>
     <span class='ocr_line' id='line_1_4' title="bbox 310 426 1976 470; baseline -0.001 -7"><span class='ocrx_word' id='word_1_26' title='bbox 310 428 563 464; x_wconf 83' lang='lat' dir='ltr'>transcendit</span> <span class='ocrx_word' id='word_1_27' title='bbox 598 437 757 463; x_wconf 91' lang='lat' dir='ltr'>omnem</span> <span class='ocrx_word' id='word_1_28' title='bbox 796 427 959 462; x_wconf 86' lang='lat' dir='ltr'>modum</span> <span class='ocrx_word' id='word_1_29' title='bbox 997 428 1220 467; x_wconf 72' lang='lat' dir='ltr'>creaturae,</span> <span class='ocrx_word' id='word_1_30' title='bbox 1263 426 1359 470; x_wconf 92' lang='lat' dir='ltr'>quia</span> <span class='ocrx_word' id='word_1_31' title='bbox 1394 427 1457 461; x_wconf 90' lang='lat' dir='ltr'>est</span> <span class='ocrx_word' id='word_1_32' title='bbox 1491 435 1616 470; x_wconf 91' lang='lat' dir='ltr'>super</span> <span class='ocrx_word' id='word_1_33' title='bbox 1652 435 1814 461; x_wconf 91' lang='lat' dir='ltr'>omnem</span> <span class='ocrx_word' id='word_1_34' title='bbox 1848 427 1976 461; x_wconf 88' lang='lat' dir='ltr'>arcta-</span> 
     </span>
     <span class='ocr_line' id='line_1_5' title="bbox 105 484 1975 534; baseline -0.001 -13"><span class='ocrx_word' id='word_1_35' title='bbox 105 532 107 534; x_wconf 14' lang='lat'>*</span> <span class='ocrx_word' id='word_1_36' title='bbox 309 486 473 521; x_wconf 91' lang='lat' dir='ltr'>tionem.</span> <span class='ocrx_word' id='word_1_37' title='bbox 522 485 626 530; x_wconf 87' lang='lat' dir='ltr'>Ergo</span> <span class='ocrx_word' id='word_1_38' title='bbox 661 485 771 521; x_wconf 90' lang='lat' dir='ltr'>nullo</span> <span class='ocrx_word' id='word_1_39' title='bbox 808 486 928 521; x_wconf 92' lang='lat' dir='ltr'>modo</span> <span class='ocrx_word' id='word_1_40' title='bbox 965 485 1023 521; x_wconf 90' lang='lat' dir='ltr'>sic</span> <span class='ocrx_word' id='word_1_41' title='bbox 1056 485 1263 530; x_wconf 85' lang='lat' dir='ltr'>attingitur</span> <span class='ocrx_word' id='word_1_42' title='bbox 1295 494 1368 529; x_wconf 88' lang='lat' dir='ltr'>per</span> <span class='ocrx_word' id='word_1_43' title='bbox 1394 484 1475 520; x_wconf 93' lang='lat' dir='ltr'>vim</span> <span class='ocrx_word' id='word_1_44' title='bbox 1501 484 1677 529; x_wconf 83' lang='lat' dir='ltr'>aliquam</span> <span class='ocrx_word' id='word_1_45' title='bbox 1704 486 1884 520; x_wconf 90' lang='lat' dir='ltr'>naturae.</span> <span class='ocrx_word' id='word_1_46' title='bbox 1935 484 1975 520; x_wconf 94' lang='lat' dir='ltr'>Si</span> 
     </span>
     <span class='ocr_line' id='line_1_6' title="bbox 104 542 2011 590; baseline -0.002 -10"><span class='ocrx_word' id='word_1_47' title='bbox 104 543 165 575; x_wconf 82' lang='lat' dir='ltr'>rol.</span> <span class='ocrx_word' id='word_1_48' title='bbox 185 543 292 575; x_wconf 72' lang='lat' dir='ltr'>29ra</span> <span class='ocrx_word' id='word_1_49' title='bbox 312 544 424 580; x_wconf 89' lang='lat' dir='ltr'>dicas</span> <span class='ocrx_word' id='word_1_50' title='bbox 459 544 568 589; x_wconf 86' lang='lat' dir='ltr'>quod</span> <span class='ocrx_word' id='word_1_51' title='bbox 601 554 682 579; x_wconf 90' lang='lat' dir='ltr'>non</span> <span class='ocrx_word' id='word_1_52' title='bbox 720 544 957 590; x_wconf 87' lang='lat' dir='ltr'>attingendo</span> <span class='ocrx_word' id='word_1_53' title='bbox 996 554 1078 585; x_wconf 89' lang='lat' dir='ltr'>eas,</span> <span class='ocrx_word' id='word_1_54' title='bbox 1118 544 1192 580; x_wconf 92' lang='lat' dir='ltr'>sed</span> <span class='ocrx_word' id='word_1_55' title='bbox 1226 543 1463 588; x_wconf 83' lang='lat' dir='ltr'>recipiendo</span> <span class='ocrx_word' id='word_1_56' title='bbox 1483 545 1495 585; x_wconf 87' lang='grc' dir='ltr'>ΙΙ</span> <span class='ocrx_word' id='word_1_57' title='bbox 1514 543 1676 587; x_wconf 91' lang='lat' dir='ltr'>species</span> <span class='ocrx_word' id='word_1_58' title='bbox 1709 553 1734 579; x_wconf 91' lang='lat' dir='ltr'>a</span> <span class='ocrx_word' id='word_1_59' title='bbox 1759 542 1846 578; x_wconf 92' lang='lat' dir='ltr'>Deo</span> <span class='ocrx_word' id='word_1_60' title='bbox 1873 543 1976 578; x_wconf 91' lang='lat' dir='ltr'>sicut</span> <span class='ocrx_word' id='word_1_61' title='bbox 1996 551 2011 575; x_wconf 78' lang='lat'>5</span> 
     </span>
     <span class='ocr_line' id='line_1_7' title="bbox 310 601 1976 648; baseline -0.001 -10"><span class='ocrx_word' id='word_1_62' title='bbox 310 603 446 648; x_wconf 86' lang='lat' dir='ltr'>angeli</span> <span class='ocrx_word' id='word_1_63' title='bbox 470 624 515 627; x_wconf 97' lang='lat'><strong>—</strong></span> <span class='ocrx_word' id='word_1_64' title='bbox 541 604 703 638; x_wconf 87' lang='lat' dir='ltr'>contra:</span> <span class='ocrx_word' id='word_1_65' title='bbox 732 603 877 647; x_wconf 91' lang='lat' dir='ltr'>Specie</span> <span class='ocrx_word' id='word_1_66' title='bbox 905 602 1097 639; x_wconf 76' lang='lat' dir='ltr'>differunt</span> <span class='ocrx_word' id='word_1_67' title='bbox 1123 602 1283 638; x_wconf 89' lang='lat' dir='ltr'>animae</span> <span class='ocrx_word' id='word_1_68' title='bbox 1312 604 1351 638; x_wconf 90' lang='lat' dir='ltr'>et</span> <span class='ocrx_word' id='word_1_69' title='bbox 1378 602 1524 648; x_wconf 84' lang='lat' dir='ltr'>angeli.</span> <span class='ocrx_word' id='word_1_70' title='bbox 1574 601 1678 647; x_wconf 88' lang='lat' dir='ltr'>Ergo</span> <span class='ocrx_word' id='word_1_71' title='bbox 1707 601 1882 647; x_wconf 87' lang='lat' dir='ltr'>cognitio</span> <span class='ocrx_word' id='word_1_72' title='bbox 1910 611 1976 637; x_wconf 90' lang='lat' dir='ltr'>na-</span> 
     </span>
     <span class='ocr_line' id='line_1_8' title="bbox 310 661 1635 707; baseline -0.001 -10"><span class='ocrx_word' id='word_1_73' title='bbox 310 661 450 697; x_wconf 86' lang='lat' dir='ltr'>turalis</span> <span class='ocrx_word' id='word_1_74' title='bbox 477 661 594 697; x_wconf 89' lang='lat' dir='ltr'>unius</span> <span class='ocrx_word' id='word_1_75' title='bbox 623 661 757 697; x_wconf 76' lang='lat' dir='ltr'>differt</span> <span class='ocrx_word' id='word_1_76' title='bbox 785 662 924 706; x_wconf 87' lang='lat' dir='ltr'>specie</span> <span class='ocrx_word' id='word_1_77' title='bbox 950 671 975 697; x_wconf 89' lang='lat' dir='ltr'>a</span> <span class='ocrx_word' id='word_1_78' title='bbox 1002 662 1234 707; x_wconf 86' lang='lat' dir='ltr'>cognitione</span> <span class='ocrx_word' id='word_1_79' title='bbox 1261 661 1434 697; x_wconf 85' lang='lat' dir='ltr'>naturali</span> <span class='ocrx_word' id='word_1_80' title='bbox 1458 661 1635 697; x_wconf 88' lang='lat' dir='ltr'>alterius.</span> 
     </span>
    </p>

    <p class='ocr_par' dir='ltr' id='par_1_3' title="bbox 311 720 2033 1234">
     <span class='ocr_line' id='line_1_9' title="bbox 450 720 1978 765; baseline 0 -10"><span class='ocrx_word' id='word_1_81' title='bbox 450 720 568 755; x_wconf 87' lang='lat' dir='ltr'>Alii1</span> <span class='ocrx_word' id='word_1_82' title='bbox 596 720 733 756; x_wconf 88' lang='lat' dir='ltr'>dicunt</span> <span class='ocrx_word' id='word_1_83' title='bbox 768 721 876 765; x_wconf 91' lang='lat' dir='ltr'>quod</span> <span class='ocrx_word' id='word_1_84' title='bbox 914 720 1050 756; x_wconf 89' lang='lat' dir='ltr'>anima</span> <span class='ocrx_word' id='word_1_85' title='bbox 1084 720 1294 756; x_wconf 90' lang='lat' dir='ltr'>rationalis</span> <span class='ocrx_word' id='word_1_86' title='bbox 1330 722 1521 764; x_wconf 86' lang='lat' dir='ltr'>separata</span> <span class='ocrx_word' id='word_1_87' title='bbox 1546 720 1658 755; x_wconf 87' lang='lat' dir='ltr'>videt</span> <span class='ocrx_word' id='word_1_88' title='bbox 1693 722 1731 755; x_wconf 92' lang='lat' dir='ltr'>et</span> <span class='ocrx_word' id='word_1_89' title='bbox 1767 720 1978 765; x_wconf 87' lang='lat' dir='ltr'>cognoscit</span> 
     </span>
     <span class='ocr_line' id='line_1_10' title="bbox 311 778 1978 824; baseline 0 -10"><span class='ocrx_word' id='word_1_90' title='bbox 311 778 570 823; x_wconf 89' lang='lat' dir='ltr'>particularia</span> <span class='ocrx_word' id='word_1_91' title='bbox 594 788 667 823; x_wconf 91' lang='lat' dir='ltr'>per</span> <span class='ocrx_word' id='word_1_92' title='bbox 692 779 829 814; x_wconf 91' lang='lat' dir='ltr'>lumen</span> <span class='ocrx_word' id='word_1_93' title='bbox 855 779 1014 824; x_wconf 88' lang='lat' dir='ltr'>agentis</span> <span class='ocrx_word' id='word_1_94' title='bbox 1042 779 1282 819; x_wconf 83' lang='lat' dir='ltr'>intellectus,</span> <span class='ocrx_word' id='word_1_95' title='bbox 1321 778 1415 823; x_wconf 88' lang='lat' dir='ltr'>quia</span> <span class='ocrx_word' id='word_1_96' title='bbox 1449 780 1545 814; x_wconf 88' lang='lat' dir='ltr'>tunc</span> <span class='ocrx_word' id='word_1_97' title='bbox 1579 778 1720 814; x_wconf 75' lang='lat' dir='ltr'>fortior</span> <span class='ocrx_word' id='word_1_98' title='bbox 1746 780 1809 814; x_wconf 91' lang='lat' dir='ltr'>est</span> <span class='ocrx_word' id='word_1_99' title='bbox 1834 779 1884 815; x_wconf 91' lang='lat' dir='ltr'>ad</span> <span class='ocrx_word' id='word_1_100' title='bbox 1911 780 1978 814; x_wconf 89' lang='lat' dir='ltr'>ab·</span> 
     </span>
     <span class='ocr_line' id='line_1_11' title="bbox 313 837 2031 882; baseline 0 -10"><span class='ocrx_word' id='word_1_101' title='bbox 313 838 576 873; x_wconf 88' lang='lat' dir='ltr'>strahendum</span> <span class='ocrx_word' id='word_1_102' title='bbox 597 837 807 874; x_wconf 85' lang='lat' dir='ltr'>materiam</span> <span class='ocrx_word' id='word_1_103' title='bbox 833 840 1000 882; x_wconf 76' lang='lat' dir='ltr'>(quam)</span> <span class='ocrx_word' id='word_1_104' title='bbox 1019 838 1058 873; x_wconf 93' lang='lat' dir='ltr'>in</span> <span class='ocrx_word' id='word_1_105' title='bbox 1086 847 1269 882; x_wconf 90' lang='lat' dir='ltr'>corpore,</span> <span class='ocrx_word' id='word_1_106' title='bbox 1308 838 1348 873; x_wconf 90' lang='lat' dir='ltr'>et</span> <span class='ocrx_word' id='word_1_107' title='bbox 1374 837 1467 873; x_wconf 92' lang='lat' dir='ltr'>ideo</span> <span class='ocrx_word' id='word_1_108' title='bbox 1494 838 1630 882; x_wconf 91' lang='lat' dir='ltr'>potest</span> <span class='ocrx_word' id='word_1_109' title='bbox 1656 837 1817 882; x_wconf 89' lang='lat' dir='ltr'>species</span> <span class='ocrx_word' id='word_1_110' title='bbox 1842 846 1976 873; x_wconf 87' lang='lat' dir='ltr'>rerum</span> <span class='ocrx_word' id='word_1_111' title='bbox 2000 843 2031 868; x_wconf 89' lang='lat'>10</span> 
     </span>
     <span class='ocr_line' id='line_1_12' title="bbox 313 895 1978 941; baseline 0.001 -10"><span class='ocrx_word' id='word_1_112' title='bbox 313 895 583 940; x_wconf 86' lang='lat' dir='ltr'>corporalium</span> <span class='ocrx_word' id='word_1_113' title='bbox 609 896 724 931; x_wconf 87' lang='lat' dir='ltr'>unire</span> <span class='ocrx_word' id='word_1_114' title='bbox 750 895 972 932; x_wconf 90' lang='lat' dir='ltr'>intellectui</span> <span class='ocrx_word' id='word_1_115' title='bbox 1006 895 1200 940; x_wconf 88' lang='lat' dir='ltr'>possibili.</span> <span class='ocrx_word' id='word_1_116' title='bbox 1251 895 1330 931; x_wconf 89' lang='lat' dir='ltr'>Sed</span> <span class='ocrx_word' id='word_1_117' title='bbox 1365 896 1528 931; x_wconf 84' lang='lat' dir='ltr'>contra:</span> <span class='ocrx_word' id='word_1_118' title='bbox 1567 895 1799 931; x_wconf 89' lang='lat' dir='ltr'>Intellectus</span> <span class='ocrx_word' id='word_1_119' title='bbox 1838 905 1978 941; x_wconf 74' lang='lat' dir='ltr'>agens,</span> 
     </span>
     <span class='ocr_line' id='line_1_13' title="bbox 313 954 1978 999; baseline 0 -9"><span class='ocrx_word' id='word_1_120' title='bbox 313 954 405 990; x_wconf 92' lang='lat' dir='ltr'>dum</span> <span class='ocrx_word' id='word_1_121' title='bbox 432 954 568 990; x_wconf 91' lang='lat' dir='ltr'>anima</span> <span class='ocrx_word' id='word_1_122' title='bbox 595 955 658 989; x_wconf 87' lang='lat' dir='ltr'>est</span> <span class='ocrx_word' id='word_1_123' title='bbox 683 954 723 990; x_wconf 91' lang='lat' dir='ltr'>in</span> <span class='ocrx_word' id='word_1_124' title='bbox 751 964 934 999; x_wconf 88' lang='lat' dir='ltr'>corpore,</span> <span class='ocrx_word' id='word_1_125' title='bbox 962 955 1097 999; x_wconf 87' lang='lat' dir='ltr'>aliquo</span> <span class='ocrx_word' id='word_1_126' title='bbox 1120 955 1238 990; x_wconf 93' lang='lat' dir='ltr'>modo</span> <span class='ocrx_word' id='word_1_127' title='bbox 1266 955 1403 999; x_wconf 86' lang='lat' dir='ltr'>potest</span> <span class='ocrx_word' id='word_1_128' title='bbox 1422 955 1662 990; x_wconf 87' lang='lat' dir='ltr'>abstrahere</span> <span class='ocrx_word' id='word_1_129' title='bbox 1684 955 1978 999; x_wconf 82' lang='lat' dir='ltr'>phantasmata·</span> 
     </span>
     <span class='ocr_line' id='line_1_14' title="bbox 313 1013 1980 1059; baseline 0.001 -11"><span class='ocrx_word' id='word_1_130' title='bbox 313 1013 353 1048; x_wconf 91' lang='lat' dir='ltr'>in</span> <span class='ocrx_word' id='word_1_131' title='bbox 380 1017 573 1058; x_wconf 87' lang='lat' dir='ltr'>quantum</span> <span class='ocrx_word' id='word_1_132' title='bbox 601 1013 762 1058; x_wconf 90' lang='lat' dir='ltr'>species</span> <span class='ocrx_word' id='word_1_133' title='bbox 789 1013 1078 1059; x_wconf 89' lang='lat' dir='ltr'>imaginativae</span> <span class='ocrx_word' id='word_1_134' title='bbox 1107 1013 1286 1049; x_wconf 86' lang='lat' dir='ltr'>excitant</span> <span class='ocrx_word' id='word_1_135' title='bbox 1312 1013 1488 1049; x_wconf 87' lang='lat' dir='ltr'>animam</span> <span class='ocrx_word' id='word_1_136' title='bbox 1515 1013 1767 1049; x_wconf 85' lang='lat' dir='ltr'>rationalem.</span> <span class='ocrx_word' id='word_1_137' title='bbox 1812 1013 1891 1049; x_wconf 89' lang='lat' dir='ltr'>Sed</span> <span class='ocrx_word' id='word_1_138' title='bbox 1912 1013 1980 1049; x_wconf 92' lang='lat' dir='ltr'>ubi</span> 
     </span>
     <span class='ocr_line' id='line_1_15' title="bbox 313 1071 1980 1117; baseline -0.001 -9"><span class='ocrx_word' id='word_1_139' title='bbox 313 1082 396 1108; x_wconf 91' lang='lat' dir='ltr'>non</span> <span class='ocrx_word' id='word_1_140' title='bbox 422 1072 585 1117; x_wconf 90' lang='lat' dir='ltr'>ponitur</span> <span class='ocrx_word' id='word_1_141' title='bbox 610 1072 700 1108; x_wconf 87' lang='lat' dir='ltr'>talis</span> <span class='ocrx_word' id='word_1_142' title='bbox 729 1072 1012 1108; x_wconf 86' lang='lat' dir='ltr'>determinatio</span> <span class='ocrx_word' id='word_1_143' title='bbox 1040 1072 1269 1107; x_wconf 88' lang='lat' dir='ltr'>intellectus</span> <span class='ocrx_word' id='word_1_144' title='bbox 1296 1072 1468 1117; x_wconf 89' lang='lat' dir='ltr'>agentis,</span> <span class='ocrx_word' id='word_1_145' title='bbox 1495 1080 1668 1116; x_wconf 87' lang='lat' dir='ltr'>quaero:</span> <span class='ocrx_word' id='word_1_146' title='bbox 1708 1071 1888 1112; x_wconf 89' lang='lat' dir='ltr'>Qualiter</span> <span class='ocrx_word' id='word_1_147' title='bbox 1914 1073 1980 1108; x_wconf 87' lang='lat' dir='ltr'>ab-</span> 
     </span>
     <span class='ocr_line' id='line_1_16' title="bbox 316 1130 2033 1175; baseline 0 -9"><span class='ocrx_word' id='word_1_148' title='bbox 316 1131 458 1167; x_wconf 88' lang='lat' dir='ltr'>strahit</span> <span class='ocrx_word' id='word_1_149' title='bbox 483 1131 751 1167; x_wconf 89' lang='lat' dir='ltr'>determinate</span> <span class='ocrx_word' id='word_1_150' title='bbox 778 1131 855 1166; x_wconf 89' lang='lat' dir='ltr'>hoc</span> <span class='ocrx_word' id='word_1_151' title='bbox 882 1131 971 1175; x_wconf 91' lang='lat' dir='ltr'>plus</span> <span class='ocrx_word' id='word_1_152' title='bbox 1005 1140 1124 1175; x_wconf 90' lang='lat' dir='ltr'>quam</span> <span class='ocrx_word' id='word_1_153' title='bbox 1162 1130 1288 1166; x_wconf 77' lang='lat' dir='ltr'>illud‘?</span> <span class='ocrx_word' id='word_1_154' title='bbox 1338 1131 1417 1166; x_wconf 91' lang='lat' dir='ltr'>Aut</span> <span class='ocrx_word' id='word_1_155' title='bbox 1453 1140 1562 1172; x_wconf 84' lang='lat' dir='ltr'>casu,</span> <span class='ocrx_word' id='word_1_156' title='bbox 1599 1132 1667 1166; x_wconf 90' lang='lat' dir='ltr'>aut</span> <span class='ocrx_word' id='word_1_157' title='bbox 1702 1131 1884 1167; x_wconf 89' lang='lat' dir='ltr'>scientia.</span> <span class='ocrx_word' id='word_1_158' title='bbox 1934 1130 1985 1166; x_wconf 73' lang='lat' dir='ltr'>Et</span> <span class='ocrx_word' id='word_1_159' title='bbox 2002 1137 2033 1161; x_wconf 80' lang='lat'>15</span> 
     </span>
     <span class='ocr_line' id='line_1_17' title="bbox 314 1189 650 1234; baseline 0 -9"><span class='ocrx_word' id='word_1_160' title='bbox 314 1190 425 1234; x_wconf 91' lang='lat' dir='ltr'>patet</span> <span class='ocrx_word' id='word_1_161' title='bbox 451 1189 650 1226; x_wconf 89' lang='lat' dir='ltr'>deductio.</span> 
     </span>
    </p>

    <p class='ocr_par' dir='ltr' id='par_1_4' title="bbox 314 1248 1982 1353">
     <span class='ocr_line' id='line_1_18' title="bbox 453 1248 1982 1293; baseline 0.001 -10"><span class='ocrx_word' id='word_1_162' title='bbox 453 1248 572 1284; x_wconf 82' lang='lat' dir='ltr'>Alii2</span> <span class='ocrx_word' id='word_1_163' title='bbox 597 1250 754 1293; x_wconf 91' lang='lat' dir='ltr'>ponunt</span> <span class='ocrx_word' id='word_1_164' title='bbox 788 1248 842 1284; x_wconf 90' lang='lat' dir='ltr'>ibi</span> <span class='ocrx_word' id='word_1_165' title='bbox 878 1248 1058 1284; x_wconf 87' lang='lat' dir='ltr'>habitum</span> <span class='ocrx_word' id='word_1_166' title='bbox 1096 1248 1326 1293; x_wconf 87' lang='lat' dir='ltr'>specierum</span> <span class='ocrx_word' id='word_1_167' title='bbox 1350 1248 1510 1284; x_wconf 89' lang='lat' dir='ltr'>causari</span> <span class='ocrx_word' id='word_1_168' title='bbox 1537 1248 1587 1284; x_wconf 91' lang='lat' dir='ltr'>de</span> <span class='ocrx_word' id='word_1_169' title='bbox 1613 1258 1734 1284; x_wconf 92' lang='lat' dir='ltr'>novo.</span> <span class='ocrx_word' id='word_1_170' title='bbox 1780 1248 1860 1284; x_wconf 90' lang='lat' dir='ltr'>Sed</span> <span class='ocrx_word' id='word_1_171' title='bbox 1886 1249 1982 1284; x_wconf 90' lang='lat' dir='ltr'>tunc</span> 
     </span>
     <span class='ocr_line' id='line_1_19' title="bbox 314 1306 1982 1353; baseline 0 -10"><span class='ocrx_word' id='word_1_172' title='bbox 314 1317 396 1343; x_wconf 93' lang='lat' dir='ltr'>non</span> <span class='ocrx_word' id='word_1_173' title='bbox 422 1308 566 1353; x_wconf 90' lang='lat' dir='ltr'>posset</span> <span class='ocrx_word' id='word_1_174' title='bbox 592 1317 845 1353; x_wconf 85' lang='lat' dir='ltr'>cognoscere</span> <span class='ocrx_word' id='word_1_175' title='bbox 872 1317 945 1352; x_wconf 90' lang='lat' dir='ltr'>per</span> <span class='ocrx_word' id='word_1_176' title='bbox 971 1308 1167 1343; x_wconf 88' lang='lat' dir='ltr'>naturam.</span> <span class='ocrx_word' id='word_1_177' title='bbox 1218 1306 1264 1342; x_wconf 93' lang='lat' dir='ltr'>Et</span> <span class='ocrx_word' id='word_1_178' title='bbox 1300 1308 1442 1343; x_wconf 87' lang='lat' dir='ltr'>contra</span> <span class='ocrx_word' id='word_1_179' title='bbox 1476 1308 1554 1343; x_wconf 92' lang='lat' dir='ltr'>hoc</span> <span class='ocrx_word' id='word_1_180' title='bbox 1587 1309 1649 1343; x_wconf 91' lang='lat' dir='ltr'>est</span> <span class='ocrx_word' id='word_1_181' title='bbox 1676 1308 1843 1343; x_wconf 90' lang='lat' dir='ltr'>verbum</span> <span class='ocrx_word' id='word_1_182' title='bbox 1871 1307 1982 1343; x_wconf 90' lang='lat' dir='ltr'>Cas-</span> 
     </span>
    </p>

    <p class='ocr_par' dir='ltr' id='par_1_5' title="bbox 316 1366 1082 1411">
     <span class='ocr_line' id='line_1_20' title="bbox 316 1366 1082 1411; baseline 0 -9"><span class='ocrx_word' id='word_1_183' title='bbox 316 1376 333 1401; x_wconf 90' lang='lat' dir='ltr'>s</span> <span class='ocrx_word' id='word_1_184' title='bbox 343 1366 386 1402; x_wconf 93' lang='grc'>10</span> <span class='ocrx_word' id='word_1_185' title='bbox 397 1367 421 1402; x_wconf 83' lang='grc'>(1</span> <span class='ocrx_word' id='word_1_186' title='bbox 434 1376 456 1402; x_wconf 97' lang='grc'>0</span> <span class='ocrx_word' id='word_1_187' title='bbox 466 1366 504 1401; x_wconf 89' lang='grc'>11</span> <span class='ocrx_word' id='word_1_188' title='bbox 530 1366 745 1402; x_wconf 77' lang='lat' dir='ltr'>manifeste</span> <span class='ocrx_word' id='word_1_189' title='bbox 773 1366 1048 1411; x_wconf 87' lang='lat' dir='ltr'>supradictum</span> <span class='ocrx_word' id='word_1_190' title='bbox 1059 1369 1082 1402; x_wconf 79' lang='lat'>3.</span> 
     </span>
    </p>

    <p class='ocr_par' dir='ltr' id='par_1_6' title="bbox 315 1425 2036 1764">
     <span class='ocr_line' id='line_1_21' title="bbox 455 1425 2036 1470; baseline -0.001 -9"><span class='ocrx_word' id='word_1_191' title='bbox 455 1425 531 1466; x_wconf 88' lang='lat' dir='ltr'>Qui</span> <span class='ocrx_word' id='word_1_192' title='bbox 562 1426 698 1461; x_wconf 88' lang='lat' dir='ltr'>autem</span> <span class='ocrx_word' id='word_1_193' title='bbox 731 1427 886 1470; x_wconf 89' lang='lat' dir='ltr'>ponunt</span> <span class='ocrx_word' id='word_1_194' title='bbox 924 1425 1163 1461; x_wconf 88' lang='lat' dir='ltr'>sensitivam</span> <span class='ocrx_word' id='word_1_195' title='bbox 1194 1425 1387 1470; x_wconf 83' lang='lat' dir='ltr'>separari,</span> <span class='ocrx_word' id='word_1_196' title='bbox 1426 1425 1635 1470; x_wconf 87' lang='lat' dir='ltr'>tripliciter</span> <span class='ocrx_word' id='word_1_197' title='bbox 1672 1426 1846 1470; x_wconf 87' lang='lat' dir='ltr'>ponunt:</span> <span class='ocrx_word' id='word_1_198' title='bbox 1891 1425 1980 1461; x_wconf 88' lang='lat' dir='ltr'>Uno</span> <span class='ocrx_word' id='word_1_199' title='bbox 2001 1435 2036 1460; x_wconf 82' lang='lat'>20</span> 
     </span>
     <span class='ocr_line' id='line_1_22' title="bbox 316 1484 1984 1529; baseline -0.001 -9"><span class='ocrx_word' id='word_1_200' title='bbox 316 1484 461 1520; x_wconf 73' lang='lat' dir='ltr'>modo⁴</span> <span class='ocrx_word' id='word_1_201' title='bbox 488 1484 596 1529; x_wconf 87' lang='lat' dir='ltr'>quod</span> <span class='ocrx_word' id='word_1_202' title='bbox 621 1484 743 1520; x_wconf 90' lang='lat' dir='ltr'>utitur</span> <span class='ocrx_word' id='word_1_203' title='bbox 769 1484 961 1528; x_wconf 89' lang='lat' dir='ltr'>potentiis</span> <span class='ocrx_word' id='word_1_204' title='bbox 990 1484 1198 1520; x_wconf 88' lang='lat' dir='ltr'>sensitivis</span> <span class='ocrx_word' id='word_1_205' title='bbox 1225 1484 1265 1519; x_wconf 93' lang='lat' dir='ltr'>in</span> <span class='ocrx_word' id='word_1_206' title='bbox 1292 1484 1534 1528; x_wconf 88' lang='lat' dir='ltr'>particulari,</span> <span class='ocrx_word' id='word_1_207' title='bbox 1566 1484 1606 1520; x_wconf 92' lang='lat' dir='ltr'>in</span> <span class='ocrx_word' id='word_1_208' title='bbox 1633 1494 1713 1529; x_wconf 92' lang='lat' dir='ltr'>qua</span> <span class='ocrx_word' id='word_1_209' title='bbox 1739 1484 1984 1520; x_wconf 87' lang='lat' dir='ltr'>concurrunt</span> 
     </span>
     <span class='ocr_line' id='line_1_23' title="bbox 315 1542 1982 1587; baseline 0 -9"><span class='ocrx_word' id='word_1_210' title='bbox 315 1543 449 1578; x_wconf 91' lang='lat' dir='ltr'>activa</span> <span class='ocrx_word' id='word_1_211' title='bbox 476 1544 515 1579; x_wconf 89' lang='lat' dir='ltr'>et</span> <span class='ocrx_word' id='word_1_212' title='bbox 541 1543 718 1587; x_wconf 89' lang='lat' dir='ltr'>passiva.</span> <span class='ocrx_word' id='word_1_213' title='bbox 770 1542 963 1583; x_wconf 88' lang='lat' dir='ltr'>Quamvis</span> <span class='ocrx_word' id='word_1_214' title='bbox 990 1543 1146 1585; x_wconf 87' lang='lat' dir='ltr'>&lt;enim&gt;</span> <span class='ocrx_word' id='word_1_215' title='bbox 1173 1553 1254 1578; x_wconf 94' lang='lat' dir='ltr'>non</span> <span class='ocrx_word' id='word_1_216' title='bbox 1290 1543 1514 1587; x_wconf 88' lang='lat' dir='ltr'>corporalis</span> <span class='ocrx_word' id='word_1_217' title='bbox 1551 1543 1602 1578; x_wconf 89' lang='lat' dir='ltr'>sit</span> <span class='ocrx_word' id='word_1_218' title='bbox 1637 1543 1691 1578; x_wconf 90' lang='lat' dir='ltr'>ibi</span> <span class='ocrx_word' id='word_1_219' title='bbox 1723 1543 1982 1587; x_wconf 89' lang='lat' dir='ltr'>passibilitas,</span> 
     </span>
     <span class='ocr_line' id='line_1_24' title="bbox 317 1601 1984 1647; baseline 0.001 -11"><span class='ocrx_word' id='word_1_220' title='bbox 317 1602 390 1637; x_wconf 85' lang='lat' dir='ltr'>sed</span> <span class='ocrx_word' id='word_1_221' title='bbox 415 1602 505 1646; x_wconf 85' lang='lat' dir='ltr'>ipsa</span> <span class='ocrx_word' id='word_1_222' title='bbox 531 1601 666 1638; x_wconf 89' lang='lat' dir='ltr'>anima</span> <span class='ocrx_word' id='word_1_223' title='bbox 691 1602 732 1637; x_wconf 92' lang='lat' dir='ltr'>in</span> <span class='ocrx_word' id='word_1_224' title='bbox 760 1611 805 1637; x_wconf 90' lang='lat' dir='ltr'>se</span> <span class='ocrx_word' id='word_1_225' title='bbox 832 1602 954 1638; x_wconf 89' lang='lat' dir='ltr'>habet</span> <span class='ocrx_word' id='word_1_226' title='bbox 980 1602 1131 1646; x_wconf 90' lang='lat' dir='ltr'>aliquid</span> <span class='ocrx_word' id='word_1_227' title='bbox 1158 1601 1350 1647; x_wconf 87' lang='lat' dir='ltr'>passibile</span> <span class='ocrx_word' id='word_1_228' title='bbox 1378 1603 1418 1637; x_wconf 92' lang='lat' dir='ltr'>et</span> <span class='ocrx_word' id='word_1_229' title='bbox 1439 1602 1589 1646; x_wconf 86' lang='lat' dir='ltr'>aliquid</span> <span class='ocrx_word' id='word_1_230' title='bbox 1609 1601 1796 1637; x_wconf 90' lang='lat' dir='ltr'>activum.</span> <span class='ocrx_word' id='word_1_231' title='bbox 1839 1601 1887 1637; x_wconf 93' lang='lat' dir='ltr'>Et</span> <span class='ocrx_word' id='word_1_232' title='bbox 1905 1602 1984 1637; x_wconf 91' lang='lat' dir='ltr'>hoc</span> 
     </span>
     <span class='ocr_line' id='line_1_25' title="bbox 316 1659 1985 1705; baseline 0 -10"><span class='ocrx_word' id='word_1_233' title='bbox 316 1660 504 1696; x_wconf 90' lang='lat' dir='ltr'>videntur</span> <span class='ocrx_word' id='word_1_234' title='bbox 530 1670 680 1696; x_wconf 88' lang='lat' dir='ltr'>sonare</span> <span class='ocrx_word' id='word_1_235' title='bbox 706 1661 835 1696; x_wconf 90' lang='lat' dir='ltr'>verba</span> <span class='ocrx_word' id='word_1_236' title='bbox 867 1659 1156 1697; x_wconf 90' lang='lat' dir='ltr'>Cassiodori</span> <span class='ocrx_word' id='word_1_237' title='bbox 1192 1660 1363 1696; x_wconf 91' lang='lat' dir='ltr'>dicentis</span> <span class='ocrx_word' id='word_1_238' title='bbox 1402 1661 1509 1705; x_wconf 91' lang='lat' dir='ltr'>quod</span> <span class='ocrx_word' id='word_1_239' title='bbox 1544 1660 1681 1696; x_wconf 89' lang='lat' dir='ltr'>anima</span> <span class='ocrx_word' id='word_1_240' title='bbox 1714 1660 1835 1701; x_wconf 90' lang='lat' dir='ltr'>videt,</span> <span class='ocrx_word' id='word_1_241' title='bbox 1874 1660 1985 1695; x_wconf 88' lang='lat' dir='ltr'>audit</span> 
     </span>
     <span class='ocr_line' id='line_1_26' title="bbox 316 1719 2035 1764; baseline -0.001 -10"><span class='ocrx_word' id='word_1_242' title='bbox 316 1720 356 1755; x_wconf 83' lang='lat' dir='ltr'>et</span> <span class='ocrx_word' id='word_1_243' title='bbox 381 1719 519 1764; x_wconf 86' lang='lat' dir='ltr'>tangit.</span> <span class='ocrx_word' id='word_1_244' title='bbox 2002 1728 2035 1753; x_wconf 76' lang='lat'>25</span> 
     </span>
    </p>

    <p class='ocr_par' dir='ltr' id='par_1_7' title="bbox 316 1776 2038 2233">
     <span class='ocr_line' id='line_1_27' title="bbox 454 1776 1985 1822; baseline -0.001 -9"><span class='ocrx_word' id='word_1_245' title='bbox 454 1777 574 1813; x_wconf 83' lang='lat' dir='ltr'>Alii5</span> <span class='ocrx_word' id='word_1_246' title='bbox 601 1778 738 1813; x_wconf 90' lang='lat' dir='ltr'>dicunt</span> <span class='ocrx_word' id='word_1_247' title='bbox 765 1778 873 1822; x_wconf 91' lang='lat' dir='ltr'>quod</span> <span class='ocrx_word' id='word_1_248' title='bbox 899 1778 1022 1813; x_wconf 88' lang='lat' dir='ltr'>utitur</span> <span class='ocrx_word' id='word_1_249' title='bbox 1048 1787 1174 1814; x_wconf 90' lang='lat' dir='ltr'>sensu</span> <span class='ocrx_word' id='word_1_250' title='bbox 1201 1777 1403 1814; x_wconf 89' lang='lat' dir='ltr'>communi</span> <span class='ocrx_word' id='word_1_251' title='bbox 1430 1786 1502 1822; x_wconf 90' lang='lat' dir='ltr'>pro</span> <span class='ocrx_word' id='word_1_252' title='bbox 1531 1777 1718 1813; x_wconf 90' lang='lat' dir='ltr'>omnibus</span> <span class='ocrx_word' id='word_1_253' title='bbox 1739 1776 1985 1822; x_wconf 88' lang='lat' dir='ltr'>particulari-</span> 
     </span>
     <span class='ocr_line' id='line_1_28' title="bbox 316 1835 1983 1880; baseline -0.001 -8"><span class='ocrx_word' id='word_1_254' title='bbox 316 1837 401 1872; x_wconf 90' lang='lat' dir='ltr'>bus.</span> <span class='ocrx_word' id='word_1_255' title='bbox 452 1836 498 1872; x_wconf 91' lang='lat' dir='ltr'>Et</span> <span class='ocrx_word' id='word_1_256' title='bbox 524 1837 616 1872; x_wconf 91' lang='lat' dir='ltr'>huic</span> <span class='ocrx_word' id='word_1_257' title='bbox 642 1837 803 1872; x_wconf 90' lang='lat' dir='ltr'>videtur</span> <span class='ocrx_word' id='word_1_258' title='bbox 830 1837 1053 1873; x_wconf 91' lang='lat' dir='ltr'>convenire</span> <span class='ocrx_word' id='word_1_259' title='bbox 1077 1838 1247 1872; x_wconf 90' lang='lat' dir='ltr'>verbum</span> <span class='ocrx_word' id='word_1_260' title='bbox 1268 1836 1556 1880; x_wconf 78' lang='lat' dir='ltr'>Cassiodori</span> <span class='ocrx_word' id='word_1_261' title='bbox 1583 1835 1767 1877; x_wconf 86' lang='lat' dir='ltr'>dicentis,</span> <span class='ocrx_word' id='word_1_262' title='bbox 1794 1836 1900 1880; x_wconf 91' lang='lat' dir='ltr'>quod</span> <span class='ocrx_word' id='word_1_263' title='bbox 1921 1835 1983 1871; x_wconf 92' lang='grc'><strong>1113</strong></span> 
     </span>
     <span class='ocr_line' id='line_1_29' title="bbox 317 1894 1984 1940; baseline -0.001 -10"><span class='ocrx_word' id='word_1_264' title='bbox 317 1894 503 1931; x_wconf 90' lang='lat' dir='ltr'>omnibus</span> <span class='ocrx_word' id='word_1_265' title='bbox 530 1895 663 1936; x_wconf 89' lang='lat' dir='ltr'>utitur,</span> <span class='ocrx_word' id='word_1_266' title='bbox 702 1905 784 1931; x_wconf 89' lang='lat' dir='ltr'>non</span> <span class='ocrx_word' id='word_1_267' title='bbox 813 1904 866 1931; x_wconf 84' lang='lat' dir='ltr'>ex</span> <span class='ocrx_word' id='word_1_268' title='bbox 891 1895 1073 1940; x_wconf 90' lang='lat' dir='ltr'>partibus</span> <span class='ocrx_word' id='word_1_269' title='bbox 1101 1895 1257 1931; x_wconf 89' lang='lat' dir='ltr'>scilicet</span> <span class='ocrx_word' id='word_1_270' title='bbox 1282 1895 1371 1936; x_wconf 85' lang='lat' dir='ltr'>ista,</span> <span class='ocrx_word' id='word_1_271' title='bbox 1411 1895 1485 1931; x_wconf 94' lang='lat' dir='ltr'>sed</span> <span class='ocrx_word' id='word_1_272' title='bbox 1521 1904 1574 1930; x_wconf 89' lang='lat' dir='ltr'>ex</span> <span class='ocrx_word' id='word_1_273' title='bbox 1599 1896 1686 1930; x_wconf 90' lang='lat' dir='ltr'>toto</span> <span class='ocrx_word' id='word_1_274' title='bbox 1715 1904 1984 1940; x_wconf 88' lang='lat' dir='ltr'>cognoscens.</span> 
     </span>
     <span class='ocr_line' id='line_1_30' title="bbox 317 1953 1985 1999; baseline -0.001 -10"><span class='ocrx_word' id='word_1_275' title='bbox 317 1954 396 1990; x_wconf 90' lang='lat' dir='ltr'>Sed</span> <span class='ocrx_word' id='word_1_276' title='bbox 424 1954 534 1998; x_wconf 92' lang='lat' dir='ltr'>quod</span> <span class='ocrx_word' id='word_1_277' title='bbox 560 1963 708 1990; x_wconf 86' lang='lat' dir='ltr'>sensus</span> <span class='ocrx_word' id='word_1_278' title='bbox 734 1954 958 1990; x_wconf 91' lang='lat' dir='ltr'>communis</span> <span class='ocrx_word' id='word_1_279' title='bbox 986 1963 1069 1989; x_wconf 90' lang='lat' dir='ltr'>non</span> <span class='ocrx_word' id='word_1_280' title='bbox 1099 1955 1162 1990; x_wconf 91' lang='lat' dir='ltr'>est</span> <span class='ocrx_word' id='word_1_281' title='bbox 1181 1955 1301 1990; x_wconf 86' lang='lat' dir='ltr'>natus</span> <span class='ocrx_word' id='word_1_282' title='bbox 1323 1954 1520 1990; x_wconf 91' lang='lat' dir='ltr'>devenire</span> <span class='ocrx_word' id='word_1_283' title='bbox 1540 1954 1582 1989; x_wconf 91' lang='lat' dir='ltr'>in</span> <span class='ocrx_word' id='word_1_284' title='bbox 1603 1953 1877 1999; x_wconf 88' lang='lat' dir='ltr'>cognitionem</span> <span class='ocrx_word' id='word_1_285' title='bbox 1898 1962 1985 1998; x_wconf 90' lang='lat' dir='ltr'>par-</span> 
     </span>
     <span class='ocr_line' id='line_1_31' title="bbox 316 2012 2038 2057; baseline 0 -10"><span class='ocrx_word' id='word_1_286' title='bbox 316 2012 495 2048; x_wconf 90' lang='lat' dir='ltr'>ticularis</span> <span class='ocrx_word' id='word_1_287' title='bbox 522 2013 668 2057; x_wconf 90' lang='lat' dir='ltr'>&lt;patet,</span> <span class='ocrx_word' id='word_1_288' title='bbox 696 2012 790 2057; x_wconf 90' lang='lat' dir='ltr'>quia</span> <span class='ocrx_word' id='word_1_289' title='bbox 815 2015 922 2055; x_wconf 87' lang='lat' dir='ltr'>non&gt;</span> <span class='ocrx_word' id='word_1_290' title='bbox 949 2013 1073 2048; x_wconf 84' lang='lat' dir='ltr'>sentit</span> <span class='ocrx_word' id='word_1_291' title='bbox 1100 2013 1178 2049; x_wconf 90' lang='lat' dir='ltr'>nisi</span> <span class='ocrx_word' id='word_1_292' title='bbox 1204 2013 1410 2049; x_wconf 89' lang='lat' dir='ltr'>mediante</span> <span class='ocrx_word' id='word_1_293' title='bbox 1438 2023 1565 2049; x_wconf 90' lang='lat' dir='ltr'>sensu</span> <span class='ocrx_word' id='word_1_294' title='bbox 1598 2012 1842 2057; x_wconf 87' lang='lat' dir='ltr'>particulari.</span> <span class='ocrx_word' id='word_1_295' title='bbox 1892 2012 1983 2048; x_wconf 90' lang='lat' dir='ltr'>Ideo</span> <span class='ocrx_word' id='word_1_296' title='bbox 2004 2021 2038 2046; x_wconf 78' lang='lat'>30</span> 
     </span>
     <span class='ocr_line' id='line_1_32' title="bbox 316 2071 1985 2117; baseline 0 -11"><span class='ocrx_word' id='word_1_297' title='bbox 316 2081 399 2106; x_wconf 91' lang='lat' dir='ltr'>non</span> <span class='ocrx_word' id='word_1_298' title='bbox 412 2071 574 2107; x_wconf 93' lang='lat' dir='ltr'>videtur</span> <span class='ocrx_word' id='word_1_299' title='bbox 588 2071 810 2116; x_wconf 89' lang='lat' dir='ltr'>probabile.</span> <span class='ocrx_word' id='word_1_300' title='bbox 837 2071 884 2107; x_wconf 89' lang='lat' dir='ltr'>Et</span> <span class='ocrx_word' id='word_1_301' title='bbox 904 2073 1012 2117; x_wconf 89' lang='lat' dir='ltr'>quod</span> <span class='ocrx_word' id='word_1_302' title='bbox 1034 2072 1129 2108; x_wconf 91' lang='lat' dir='ltr'>dicit</span> <span class='ocrx_word' id='word_1_303' title='bbox 1143 2072 1472 2108; x_wconf 87' lang='lat' dir='ltr'>Cassiodorus</span> <span class='ocrx_word' id='word_1_304' title='bbox 1495 2082 1571 2116; x_wconf 86' lang='lat' dir='ltr'>„ex</span> <span class='ocrx_word' id='word_1_305' title='bbox 1591 2072 1676 2107; x_wconf 93' lang='lat' dir='ltr'>toto</span> <span class='ocrx_word' id='word_1_306' title='bbox 1693 2072 1985 2117; x_wconf 82' lang='lat' dir='ltr'>cognoscens“,</span> 
     </span>
     <span class='ocr_line' id='line_1_33' title="bbox 317 2130 1985 2177; baseline 0 -12"><span class='ocrx_word' id='word_1_307' title='bbox 317 2130 467 2166; x_wconf 88' lang='lat' dir='ltr'>idcirco</span> <span class='ocrx_word' id='word_1_308' title='bbox 496 2130 602 2173; x_wconf 83' lang='lat' dir='ltr'>dicit,</span> <span class='ocrx_word' id='word_1_309' title='bbox 640 2130 734 2175; x_wconf 91' lang='lat' dir='ltr'>quia</span> <span class='ocrx_word' id='word_1_310' title='bbox 771 2132 867 2167; x_wconf 91' lang='lat' dir='ltr'>ante</span> <span class='ocrx_word' id='word_1_311' title='bbox 907 2131 1181 2176; x_wconf 90' lang='lat' dir='ltr'>cognitionem</span> <span class='ocrx_word' id='word_1_312' title='bbox 1220 2140 1292 2175; x_wconf 89' lang='lat' dir='ltr'>pro</span> <span class='ocrx_word' id='word_1_313' title='bbox 1333 2140 1488 2177; x_wconf 88' lang='lat' dir='ltr'>organo</span> <span class='ocrx_word' id='word_1_314' title='bbox 1524 2140 1606 2166; x_wconf 91' lang='lat' dir='ltr'>non</span> <span class='ocrx_word' id='word_1_315' title='bbox 1643 2131 1791 2176; x_wconf 89' lang='lat' dir='ltr'>patitur</span> <span class='ocrx_word' id='word_1_316' title='bbox 1817 2130 1920 2166; x_wconf 91' lang='lat' dir='ltr'>sicut</span> <span class='ocrx_word' id='word_1_317' title='bbox 1945 2130 1985 2165; x_wconf 89' lang='lat' dir='ltr'>in</span> 
     </span>
     <span class='ocr_line' id='line_1_34' title="bbox 317 2189 711 2233; baseline -0.005 -7"><span class='ocrx_word' id='word_1_318' title='bbox 317 2198 489 2233; x_wconf 76' lang='lat' dir='ltr'>corpore</span> <span class='ocrx_word' id='word_1_319' title='bbox 517 2189 711 2225; x_wconf 79' lang='lat' dir='ltr'>existens.</span> 
     </span>
    </p>

    <p class='ocr_par' dir='ltr' id='par_1_8' title="bbox 317 2247 2039 2352">
     <span class='ocr_line' id='line_1_35' title="bbox 455 2247 1987 2293; baseline 0.001 -10"><span class='ocrx_word' id='word_1_320' title='bbox 455 2247 572 2283; x_wconf 76' lang='lat' dir='ltr'>Alii&lt;3</span> <span class='ocrx_word' id='word_1_321' title='bbox 598 2247 736 2284; x_wconf 90' lang='lat' dir='ltr'>dicunt</span> <span class='ocrx_word' id='word_1_322' title='bbox 762 2248 871 2293; x_wconf 87' lang='lat' dir='ltr'>quod</span> <span class='ocrx_word' id='word_1_323' title='bbox 908 2249 1109 2293; x_wconf 87' lang='lat' dir='ltr'>separata,</span> <span class='ocrx_word' id='word_1_324' title='bbox 1146 2248 1331 2293; x_wconf 88' lang='lat' dir='ltr'>quamvis</span> <span class='ocrx_word' id='word_1_325' title='bbox 1367 2249 1517 2285; x_wconf 88' lang='lat' dir='ltr'>habeat</span> <span class='ocrx_word' id='word_1_326' title='bbox 1551 2257 1690 2284; x_wconf 89' lang='lat' dir='ltr'>secum</span> <span class='ocrx_word' id='word_1_327' title='bbox 1717 2248 1825 2284; x_wconf 92' lang='lat' dir='ltr'>vires</span> <span class='ocrx_word' id='word_1_328' title='bbox 1861 2248 1987 2284; x_wconf 90' lang='lat' dir='ltr'>sensi-</span> 
     </span>
     <span class='ocr_line' id='line_1_36' title="bbox 317 2305 2039 2352; baseline 0.001 -11"><span class='ocrx_word' id='word_1_329' title='bbox 317 2305 430 2349; x_wconf 83' lang='lat' dir='ltr'>tivas,</span> <span class='ocrx_word' id='word_1_330' title='bbox 470 2306 679 2352; x_wconf 88' lang='lat' dir='ltr'>cognoscit</span> <span class='ocrx_word' id='word_1_331' title='bbox 714 2308 851 2343; x_wconf 90' lang='lat' dir='ltr'>tamen</span> <span class='ocrx_word' id='word_1_332' title='bbox 887 2317 953 2343; x_wconf 90' lang='lat' dir='ltr'>res</span> <span class='ocrx_word' id='word_1_333' title='bbox 991 2307 1258 2352; x_wconf 89' lang='lat' dir='ltr'>particulares</span> <span class='ocrx_word' id='word_1_334' title='bbox 1294 2317 1368 2352; x_wconf 90' lang='lat' dir='ltr'>per</span> <span class='ocrx_word' id='word_1_335' title='bbox 1403 2307 1664 2347; x_wconf 87' lang='lat' dir='ltr'>intellectum,</span> <span class='ocrx_word' id='word_1_336' title='bbox 1704 2307 1798 2352; x_wconf 90' lang='lat' dir='ltr'>quia</span> <span class='ocrx_word' id='word_1_337' title='bbox 1831 2307 2039 2352; x_wconf 69' lang='grc' dir='ltr'><strong>&lt;ᾳ11οᾱ&gt;35</strong></span> 
     </span>
    </p>
   </div>
   <div class='ocr_carea' id='block_1_3' title="bbox 317 2380 535 2383">
    <p class='ocr_par' dir='ltr' id='par_1_9' title="bbox 317 2380 535 2383">
     <span class='ocr_line' id='line_1_37' title="bbox 317 2380 535 2383; baseline 0 0"><span class='ocrx_word' id='word_1_338' title='bbox 317 2380 535 2383; x_wconf 95' lang='lat' dir='ltr'> </span> 
     </span>
    </p>
   </div>
   <div class='ocr_carea' id='block_1_4' title="bbox 538 2380 664 2383">
    <p class='ocr_par' dir='ltr' id='par_1_10' title="bbox 538 2380 664 2383">
     <span class='ocr_line' id='line_1_38' title="bbox 538 2380 664 2383; baseline 0 0"><span class='ocrx_word' id='word_1_339' title='bbox 538 2380 664 2383; x_wconf 95' lang='lat' dir='ltr'> </span> 
     </span>
    </p>
   </div>
   <div class='ocr_carea' id='block_1_5' title="bbox 318 2416 1987 2509">
    <p class='ocr_par' dir='ltr' id='par_1_11' title="bbox 318 2416 1987 2509">
     <span class='ocr_line' id='line_1_39' title="bbox 458 2416 1987 2455; baseline 0 -6"><span class='ocrx_word' id='word_1_340' title='bbox 458 2417 476 2449; x_wconf 89' lang='lat'>7</span> <span class='ocrx_word' id='word_1_341' title='bbox 504 2416 664 2455; x_wconf 74' lang='lat' dir='ltr'>alterius]</span> <span class='ocrx_word' id='word_1_342' title='bbox 688 2416 723 2454; x_wconf 74' lang='grc' dir='ltr'>-Ι-</span> <span class='ocrx_word' id='word_1_343' title='bbox 748 2417 887 2449; x_wconf 79' lang='lat' dir='ltr'>lacuna</span> <span class='ocrx_word' id='word_1_344' title='bbox 914 2418 1028 2449; x_wconf 78' lang='lat' dir='ltr'>trium</span> <span class='ocrx_word' id='word_1_345' title='bbox 1055 2417 1243 2449; x_wconf 79' lang='lat' dir='ltr'>linearum</span> <span class='ocrx_word' id='word_1_346' title='bbox 1339 2417 1358 2449; x_wconf 85' lang='lat'>9</span> <span class='ocrx_word' id='word_1_347' title='bbox 1386 2416 1523 2455; x_wconf 76' lang='lat' dir='ltr'>fortior]</span> <span class='ocrx_word' id='word_1_348' title='bbox 1550 2417 1677 2449; x_wconf 77' lang='lat' dir='ltr'>fortius</span> <span class='ocrx_word' id='word_1_349' title='bbox 1774 2417 1816 2449; x_wconf 83' lang='lat'>23</span> <span class='ocrx_word' id='word_1_350' title='bbox 1843 2416 1920 2455; x_wconf 71' lang='lat' dir='ltr'>sed]</span> <span class='ocrx_word' id='word_1_351' title='bbox 1947 2425 1987 2449; x_wconf 90' lang='lat' dir='ltr'>se</span> 
     </span>
     <span class='ocr_line' id='line_1_40' title="bbox 318 2468 1016 2509; baseline 0.001 -8"><span class='ocrx_word' id='word_1_352' title='bbox 318 2468 360 2501; x_wconf 80' lang='lat'>29</span> <span class='ocrx_word' id='word_1_353' title='bbox 389 2468 496 2509; x_wconf 88' lang='lat' dir='ltr'>quod]</span> <span class='ocrx_word' id='word_1_354' title='bbox 524 2470 609 2509; x_wconf 84' lang='lat' dir='ltr'>quia</span> <span class='ocrx_word' id='word_1_355' title='bbox 704 2470 746 2502; x_wconf 84' lang='lat'>32</span> <span class='ocrx_word' id='word_1_356' title='bbox 774 2469 870 2508; x_wconf 87' lang='lat' dir='ltr'>ante]</span> <span class='ocrx_word' id='word_1_357' title='bbox 897 2471 1016 2502; x_wconf 90' lang='lat' dir='ltr'>autem</span> 
     </span>
    </p>
   </div>
   <div class='ocr_carea' id='block_1_6' title="bbox 318 2581 1989 3098">
    <p class='ocr_par' dir='ltr' id='par_1_12' title="bbox 458 2581 1986 2622">
     <span class='ocr_line' id='line_1_41' title="bbox 458 2581 1986 2622; baseline 0 -8"><span class='ocrx_word' id='word_1_358' title='bbox 458 2581 469 2603; x_wconf 89' lang='lat'>1</span> <span class='ocrx_word' id='word_1_359' title='bbox 497 2582 568 2615; x_wconf 77' lang='lat' dir='ltr'>Cir.</span> <span class='ocrx_word' id='word_1_360' title='bbox 594 2582 752 2614; x_wconf 84' lang='lat' dir='ltr'>BonaV.</span> <span class='ocrx_word' id='word_1_361' title='bbox 781 2582 816 2614; x_wconf 87' lang='lat' dir='ltr'>et</span> <span class='ocrx_word' id='word_1_362' title='bbox 842 2582 956 2614; x_wconf 84' lang='lat' dir='ltr'>Rich.</span> <span class='ocrx_word' id='word_1_363' title='bbox 985 2591 1006 2614; x_wconf 89' lang='lat' dir='ltr'>a</span> <span class='ocrx_word' id='word_1_364' title='bbox 1030 2581 1289 2615; x_wconf 84' lang='lat' dir='ltr'>Mediavilla</span> <span class='ocrx_word' id='word_1_365' title='bbox 1323 2582 1512 2614; x_wconf 86' lang='lat' dir='ltr'>sententia.</span> <span class='ocrx_word' id='word_1_366' title='bbox 1562 2581 1653 2614; x_wconf 91' lang='lat' dir='ltr'>Vide</span> <span class='ocrx_word' id='word_1_367' title='bbox 1679 2591 1713 2622; x_wconf 93' lang='lat' dir='ltr'>p.</span> <span class='ocrx_word' id='word_1_368' title='bbox 1741 2582 1783 2614; x_wconf 90' lang='grc'>93</span> <span class='ocrx_word' id='word_1_369' title='bbox 1809 2583 1929 2614; x_wconf 87' lang='lat' dir='ltr'>notam</span> <span class='ocrx_word' id='word_1_370' title='bbox 1957 2582 1986 2615; x_wconf 89' lang='grc'>4.</span> 
     </span>
    </p>

    <p class='ocr_par' dir='ltr' id='par_1_13' title="bbox 457 2631 1564 2676">
     <span class='ocr_line' id='line_1_42' title="bbox 457 2631 1564 2676; baseline 0 -9"><span class='ocrx_word' id='word_1_371' title='bbox 457 2634 471 2656; x_wconf 71' lang='lat'>2²</span> <span class='ocrx_word' id='word_1_372' title='bbox 497 2635 567 2667; x_wconf 80' lang='lat' dir='ltr'>Cfr.</span> <span class='ocrx_word' id='word_1_373' title='bbox 594 2635 774 2667; x_wconf 89' lang='lat' dir='ltr'>sententia</span> <span class='ocrx_word' id='word_1_374' title='bbox 800 2634 919 2667; x_wconf 90' lang='lat' dir='ltr'>Scoti</span> <span class='ocrx_word' id='word_1_375' title='bbox 943 2631 1121 2676; x_wconf 77' lang='lat' dir='ltr'>(ibidem).</span> <span class='ocrx_word' id='word_1_376' title='bbox 1263 2634 1278 2656; x_wconf 78' lang='grc'><strong>3</strong></span> <span class='ocrx_word' id='word_1_377' title='bbox 1303 2635 1338 2667; x_wconf 93' lang='lat' dir='ltr'>P.</span> <span class='ocrx_word' id='word_1_378' title='bbox 1366 2636 1407 2667; x_wconf 79' lang='lat'>93</span> <span class='ocrx_word' id='word_1_379' title='bbox 1434 2635 1505 2667; x_wconf 91' lang='lat' dir='ltr'>not.</span> <span class='ocrx_word' id='word_1_380' title='bbox 1532 2635 1564 2667; x_wconf 89' lang='lat'>3.</span> 
     </span>
    </p>

    <p class='ocr_par' dir='ltr' id='par_1_14' title="bbox 456 2686 1987 2729">
     <span class='ocr_line' id='line_1_43' title="bbox 456 2686 1987 2729; baseline 0 -9"><span class='ocrx_word' id='word_1_381' title='bbox 456 2687 470 2709; x_wconf 75' lang='lat'>4</span> <span class='ocrx_word' id='word_1_382' title='bbox 498 2688 567 2720; x_wconf 80' lang='lat' dir='ltr'>Cir.</span> <span class='ocrx_word' id='word_1_383' title='bbox 595 2688 764 2727; x_wconf 85' lang='lat' dir='ltr'>Bonav.,</span> <span class='ocrx_word' id='word_1_384' title='bbox 801 2688 865 2729; x_wconf 81' lang='lat' dir='ltr'>Op.</span> <span class='ocrx_word' id='word_1_385' title='bbox 894 2696 992 2720; x_wconf 77' lang='lat' dir='ltr'>omn.</span> <span class='ocrx_word' id='word_1_386' title='bbox 1020 2688 1075 2726; x_wconf 87' lang='lat' dir='ltr'>IV,</span> <span class='ocrx_word' id='word_1_387' title='bbox 1106 2688 1192 2720; x_wconf 87' lang='grc'><strong>1045</strong></span> <span class='ocrx_word' id='word_1_388' title='bbox 1219 2686 1356 2728; x_wconf 89' lang='lat' dir='ltr'>(opinio</span> <span class='ocrx_word' id='word_1_389' title='bbox 1384 2686 1428 2727; x_wconf 75' lang='lat'>1).</span> <span class='ocrx_word' id='word_1_390' title='bbox 1611 2687 1752 2720; x_wconf 80' lang='lat' dir='ltr'>Ibidem</span> <span class='ocrx_word' id='word_1_391' title='bbox 1777 2686 1914 2728; x_wconf 91' lang='lat' dir='ltr'>(opinio</span> <span class='ocrx_word' id='word_1_392' title='bbox 1941 2686 1987 2726; x_wconf 81' lang='lat'>2).</span> 
     </span>
    </p>

    <p class='ocr_par' dir='ltr' id='par_1_15' title="bbox 318 2739 1989 3098">
     <span class='ocr_line' id='line_1_44' title="bbox 457 2739 1987 2781; baseline -0.001 -8"><span class='ocrx_word' id='word_1_393' title='bbox 457 2739 471 2761; x_wconf 62' lang='grc' dir='ltr'>ὅ</span> <span class='ocrx_word' id='word_1_394' title='bbox 497 2741 638 2773; x_wconf 79' lang='lat' dir='ltr'>Ibidem</span> <span class='ocrx_word' id='word_1_395' title='bbox 654 2741 753 2773; x_wconf 88' lang='grc'><strong>1046.</strong></span> <span class='ocrx_word' id='word_1_396' title='bbox 780 2741 871 2773; x_wconf 88' lang='lat' dir='ltr'>Vide</span> <span class='ocrx_word' id='word_1_397' title='bbox 891 2741 1097 2781; x_wconf 89' lang='lat' dir='ltr'>opinionem</span> <span class='ocrx_word' id='word_1_398' title='bbox 1118 2741 1148 2772; x_wconf 81' lang='lat'>3.</span> <span class='ocrx_word' id='word_1_399' title='bbox 1170 2742 1205 2773; x_wconf 91' lang='lat' dir='ltr'>et</span> <span class='ocrx_word' id='word_1_400' title='bbox 1225 2741 1505 2781; x_wconf 86' lang='lat' dir='ltr'>explicationem</span> <span class='ocrx_word' id='word_1_401' title='bbox 1532 2740 1800 2773; x_wconf 89' lang='lat' dir='ltr'>conclusionum</span> <span class='ocrx_word' id='word_1_402' title='bbox 1820 2739 1925 2780; x_wconf 80' lang='grc'><strong>(1046</strong></span> <span class='ocrx_word' id='word_1_403' title='bbox 1940 2740 1987 2779; x_wconf 85' lang='lat' dir='ltr'>a).</span> 
     </span>
     <span class='ocr_line' id='line_1_45' title="bbox 318 2793 1988 2834; baseline 0.001 -10"><span class='ocrx_word' id='word_1_404' title='bbox 318 2793 408 2825; x_wconf 82' lang='lat' dir='ltr'>Fere</span> <span class='ocrx_word' id='word_1_405' title='bbox 436 2794 676 2826; x_wconf 85' lang='lat' dir='ltr'>verbotenus:</span> <span class='ocrx_word' id='word_1_406' title='bbox 723 2795 865 2832; x_wconf 83' lang='lat' dir='ltr'>„Tertia</span> <span class='ocrx_word' id='word_1_407' title='bbox 902 2794 1034 2834; x_wconf 89' lang='lat' dir='ltr'>positio</span> <span class='ocrx_word' id='word_1_408' title='bbox 1074 2794 1139 2828; x_wconf 89' lang='lat' dir='ltr'>est.</span> <span class='ocrx_word' id='word_1_409' title='bbox 1179 2794 1274 2834; x_wconf 89' lang='lat' dir='ltr'>quod</span> <span class='ocrx_word' id='word_1_410' title='bbox 1312 2793 1432 2826; x_wconf 85' lang='lat' dir='ltr'>anima</span> <span class='ocrx_word' id='word_1_411' title='bbox 1468 2793 1655 2826; x_wconf 88' lang='lat' dir='ltr'>rationalis</span> <span class='ocrx_word' id='word_1_412' title='bbox 1693 2795 1867 2833; x_wconf 88' lang='lat' dir='ltr'>separata</span> <span class='ocrx_word' id='word_1_413' title='bbox 1902 2793 1988 2825; x_wconf 87' lang='lat' dir='ltr'>nihil</span> 
     </span>
     <span class='ocr_line' id='line_1_46' title="bbox 320 2846 1988 2887; baseline 0.001 -10"><span class='ocrx_word' id='word_1_414' title='bbox 320 2847 506 2886; x_wconf 88' lang='lat' dir='ltr'>cognoscit</span> <span class='ocrx_word' id='word_1_415' title='bbox 526 2847 595 2878; x_wconf 91' lang='lat' dir='ltr'>nisi</span> <span class='ocrx_word' id='word_1_416' title='bbox 613 2847 794 2879; x_wconf 86' lang='lat' dir='ltr'>mediante</span> <span class='ocrx_word' id='word_1_417' title='bbox 814 2847 977 2887; x_wconf 86' lang='lat' dir='ltr'>potentia</span> <span class='ocrx_word' id='word_1_418' title='bbox 995 2846 1232 2885; x_wconf 85' lang='lat' dir='ltr'>intellectiva;</span> <span class='ocrx_word' id='word_1_419' title='bbox 1259 2855 1325 2886; x_wconf 91' lang='lat' dir='ltr'>per</span> <span class='ocrx_word' id='word_1_420' title='bbox 1349 2847 1446 2878; x_wconf 90' lang='lat' dir='ltr'>illam</span> <span class='ocrx_word' id='word_1_421' title='bbox 1473 2847 1592 2878; x_wconf 86' lang='lat' dir='ltr'>autem</span> <span class='ocrx_word' id='word_1_422' title='bbox 1618 2847 1740 2886; x_wconf 90' lang='lat' dir='ltr'>potest</span> <span class='ocrx_word' id='word_1_423' title='bbox 1764 2854 1988 2887; x_wconf 86' lang='lat' dir='ltr'>cognoscere</span> 
     </span>
     <span class='ocr_line' id='line_1_47' title="bbox 320 2899 1989 2940; baseline 0 -10"><span class='ocrx_word' id='word_1_424' title='bbox 320 2907 391 2930; x_wconf 92' lang='lat' dir='ltr'>non</span> <span class='ocrx_word' id='word_1_425' title='bbox 417 2899 532 2931; x_wconf 91' lang='lat' dir='ltr'>solum</span> <span class='ocrx_word' id='word_1_426' title='bbox 560 2899 655 2939; x_wconf 89' lang='lat' dir='ltr'>quod</span> <span class='ocrx_word' id='word_1_427' title='bbox 680 2900 926 2940; x_wconf 86' lang='lat' dir='ltr'>cognoscebat</span> <span class='ocrx_word' id='word_1_428' title='bbox 950 2899 986 2931; x_wconf 93' lang='lat' dir='ltr'>in</span> <span class='ocrx_word' id='word_1_429' title='bbox 1014 2908 1175 2939; x_wconf 81' lang='lat' dir='ltr'>corpore,</span> <span class='ocrx_word' id='word_1_430' title='bbox 1212 2899 1275 2930; x_wconf 91' lang='lat' dir='ltr'>sed</span> <span class='ocrx_word' id='word_1_431' title='bbox 1302 2899 1410 2931; x_wconf 88' lang='lat' dir='ltr'>etiam</span> <span class='ocrx_word' id='word_1_432' title='bbox 1436 2907 1552 2938; x_wconf 90' lang='lat' dir='ltr'>omne,</span> <span class='ocrx_word' id='word_1_433' title='bbox 1589 2899 1684 2939; x_wconf 91' lang='lat' dir='ltr'>quod</span> <span class='ocrx_word' id='word_1_434' title='bbox 1719 2899 1989 2940; x_wconf 84' lang='lat' dir='ltr'>cognoscebant</span> 
     </span>
     <span class='ocr_line' id='line_1_48' title="bbox 322 2951 1989 2992; baseline 0.001 -10"><span class='ocrx_word' id='word_1_435' title='bbox 322 2951 414 2983; x_wconf 86' lang='lat' dir='ltr'>aliae</span> <span class='ocrx_word' id='word_1_436' title='bbox 441 2952 626 2991; x_wconf 82' lang='lat' dir='ltr'>potentiae</span> <span class='ocrx_word' id='word_1_437' title='bbox 648 2978 654 2984; x_wconf 90' lang='lat'>.</span> <span class='ocrx_word' id='word_1_438' title='bbox 677 2978 683 2984; x_wconf 93' lang='lat'>.</span> <span class='ocrx_word' id='word_1_439' title='bbox 705 2977 712 2984; x_wconf 88' lang='lat'>.</span> <span class='ocrx_word' id='word_1_440' title='bbox 750 2952 805 2984; x_wconf 91' lang='lat' dir='ltr'>Ad</span> <span class='ocrx_word' id='word_1_441' title='bbox 825 2952 999 2984; x_wconf 85' lang='lat' dir='ltr'>maiorem</span> <span class='ocrx_word' id='word_1_442' title='bbox 1019 2952 1139 2984; x_wconf 89' lang='lat' dir='ltr'>autem</span> <span class='ocrx_word' id='word_1_443' title='bbox 1158 2951 1432 2992; x_wconf 86' lang='lat' dir='ltr'>intelligentiam</span> <span class='ocrx_word' id='word_1_444' title='bbox 1450 2952 1506 2983; x_wconf 82' lang='lat' dir='ltr'>est</span> <span class='ocrx_word' id='word_1_445' title='bbox 1522 2951 1729 2989; x_wconf 84' lang='lat' dir='ltr'>notandum,</span> <span class='ocrx_word' id='word_1_446' title='bbox 1758 2951 1854 2991; x_wconf 87' lang='lat' dir='ltr'>quod</span> <span class='ocrx_word' id='word_1_447' title='bbox 1875 2951 1989 2989; x_wconf 83' lang='lat' dir='ltr'>„sicut</span> 
     </span>
     <span class='ocr_line' id='line_1_49' title="bbox 321 3002 1989 3045; baseline 0 -10"><span class='ocrx_word' id='word_1_448' title='bbox 321 3004 356 3035; x_wconf 90' lang='lat' dir='ltr'>in</span> <span class='ocrx_word' id='word_1_449' title='bbox 382 3005 477 3036; x_wconf 88' lang='lat' dir='ltr'>omni</span> <span class='ocrx_word' id='word_1_450' title='bbox 502 3006 631 3037; x_wconf 85' lang='lat' dir='ltr'>natura</span> <span class='ocrx_word' id='word_1_451' title='bbox 657 3006 712 3037; x_wconf 87' lang='lat' dir='ltr'>est</span> <span class='ocrx_word' id='word_1_452' title='bbox 739 3005 883 3045; x_wconf 87' lang='lat' dir='ltr'>aliquid,</span> <span class='ocrx_word' id='word_1_453' title='bbox 912 3013 983 3045; x_wconf 90' lang='lat' dir='ltr'>quo</span> <span class='ocrx_word' id='word_1_454' title='bbox 1009 3005 1066 3037; x_wconf 88' lang='lat' dir='ltr'>est</span> <span class='ocrx_word' id='word_1_455' title='bbox 1088 3004 1177 3043; x_wconf 80' lang='grc'><strong>11011,</strong></span> <span class='ocrx_word' id='word_1_456' title='bbox 1205 3005 1240 3036; x_wconf 91' lang='grc'>01</span> <span class='ocrx_word' id='word_1_457' title='bbox 1259 3003 1404 3043; x_wconf 89' lang='lat' dir='ltr'>aliquid,</span> <span class='ocrx_word' id='word_1_458' title='bbox 1433 3012 1503 3044; x_wconf 91' lang='lat' dir='ltr'>quo</span> <span class='ocrx_word' id='word_1_459' title='bbox 1524 3005 1579 3036; x_wconf 84' lang='lat' dir='ltr'>est</span> <span class='ocrx_word' id='word_1_460' title='bbox 1599 3002 1741 3036; x_wconf 77' lang='lat' dir='ltr'>tacere“</span> <span class='ocrx_word' id='word_1_461' title='bbox 1763 3002 1829 3042; x_wconf 85' lang='lat' dir='ltr'>(De</span> <span class='ocrx_word' id='word_1_462' title='bbox 1848 3004 1989 3036; x_wconf 77' lang='lat' dir='ltr'>Anima</span> 
     </span>
     <span class='ocr_line' id='line_1_50' title="bbox 322 3057 1987 3098; baseline 0 -10"><span class='ocrx_word' id='word_1_463' title='bbox 322 3057 374 3095; x_wconf 82' lang='grc' dir='ltr'>ΙΙΙ,</span> <span class='ocrx_word' id='word_1_464' title='bbox 390 3058 420 3096; x_wconf 84' lang='grc'>5,</span> <span class='ocrx_word' id='word_1_465' title='bbox 441 3058 530 3090; x_wconf 87' lang='lat' dir='ltr'>text.</span> <span class='ocrx_word' id='word_1_466' title='bbox 548 3057 614 3097; x_wconf 88' lang='lat'>17),</span> <span class='ocrx_word' id='word_1_467' title='bbox 642 3058 694 3089; x_wconf 91' lang='lat' dir='ltr'>sic</span> <span class='ocrx_word' id='word_1_468' title='bbox 715 3058 750 3090; x_wconf 91' lang='lat' dir='ltr'>et</span> <span class='ocrx_word' id='word_1_469' title='bbox 770 3058 805 3090; x_wconf 88' lang='lat' dir='ltr'>in</span> <span class='ocrx_word' id='word_1_470' title='bbox 826 3058 921 3090; x_wconf 88' lang='lat' dir='ltr'>omni</span> <span class='ocrx_word' id='word_1_471' title='bbox 941 3057 1163 3098; x_wconf 89' lang='lat' dir='ltr'>cognitione;</span> <span class='ocrx_word' id='word_1_472' title='bbox 1191 3057 1226 3089; x_wconf 82' lang='lat' dir='ltr'>ot</span> <span class='ocrx_word' id='word_1_473' title='bbox 1245 3064 1324 3088; x_wconf 92' lang='lat' dir='ltr'>cum</span> <span class='ocrx_word' id='word_1_474' title='bbox 1344 3057 1434 3089; x_wconf 86' lang='lat' dir='ltr'>haec</span> <span class='ocrx_word' id='word_1_475' title='bbox 1455 3057 1500 3089; x_wconf 91' lang='lat' dir='ltr'>sit</span> <span class='ocrx_word' id='word_1_476' title='bbox 1520 3057 1634 3097; x_wconf 87' lang='lat' dir='ltr'>prima</span> <span class='ocrx_word' id='word_1_477' title='bbox 1654 3057 1784 3089; x_wconf 89' lang='lat' dir='ltr'>divisio</span> <span class='ocrx_word' id='word_1_478' title='bbox 1804 3057 1987 3097; x_wconf 84' lang='lat' dir='ltr'>potentiae</span> 
     </span>
    </p>
   </div>
  </div>
 </body>
</html>
