2095 3459
804 163 975 201 Quaestio
1004 166 1084 198 Xlll.
1709 167 1767 201 111

248 260 299 294 13.
327 258 423 294 Item
453 260 625 304 privatio
654 262 716 296 est
744 262 906 306 propria
932 263 1071 307 passio
1098 263 1305 299 materiae.
1356 263 1523 300 Materia
1549 266 1682 302 autem
1711 269 1774 302 est

108 315 145 352 in
175 317 365 360 Quolibet,
405 320 512 363 quod
552 321 688 364 potest
727 329 818 356 esse
858 323 897 356 et
936 331 1016 357 non
1053 330 1168 364 esse;
1211 324 1250 358 et
1284 324 1361 358 hoc
1392 333 1467 368 per
1492 324 1772 368 privationem.

104 374 210 421 Ergo
238 376 304 412 ubi
331 378 513 419 materia,
540 379 593 414 ibi
623 379 793 423 privatio
821 380 1031 424 praecedit
1057 380 1225 416 formam
1253 381 1535 418 inducendam.
1579 383 1680 429 Ergo
1707 384 1771 419 ubi

106 434 247 474 l'orma,
274 436 328 472 ibi
354 437 539 481 privatio.

69 500 85 525 5
245 496 298 531 14.
326 495 486 542 (Deest).

245 556 299 590 15.
326 554 425 591 Item
448 556 710 601 corruptibile
734 558 773 592 et
790 561 803 600 n
823 557 1125 602 incorruptibile
1155 568 1234 594 non
1262 560 1355 595 sunt
1381 559 1609 596 accidentia
1634 561 1775 596 contra
1796 560 1856 593 rol.
1879 561 1981 593 27va

105 613 331 650 subiectum
359 615 693 657 transmutabilia,
733 615 854 652 immo
891 618 1199 661 consequuntur
1224 618 1353 663 ipsam
1381 618 1603 655 essentiam
1630 628 1774 655 rerum.

106 671 242 708 Gloria
268 675 404 710 autem
431 674 528 710 nihil
555 675 656 710 tollit
683 675 917 712 essentiale,
966 674 1071 721 Ergo
1099 677 1174 712 etc.

244 733 297 768 16.
324 732 423 769 Item
449 732 560 769 Deus
588 734 685 769 nihil
711 734 858 778 potest,
897 734 936 769 in
973 744 1052 779 quo
1090 735 1276 780 opposita
1311 736 1623 772 contradictorie
1650 737 1775 782 impli-

55 796 85 820 10
106 792 283 828 cantur1.
335 791 416 828 Sed
441 792 581 829 facere
609 802 756 838 corpus
784 793 1024 829 naturaliter
1049 794 1308 839 corruptibile
1335 804 1429 831 esse
1460 795 1773 840 incorruptibile,

104 849 283 895 implicat
310 851 499 896 opposita
525 852 852 888 contradictorie.
908 851 1063 897 Corpus
1101 853 1208 889 enim
1245 853 1475 896 humanum,
1513 854 1554 890 in
1582 856 1774 899 quantum

105 909 336 951 humanum,
375 912 438 946 est
476 911 747 956 compositum
786 920 839 946 ex
874 911 1087 947 contrariis
1127 912 1269 948 activis
1303 913 1344 949 et
1375 913 1562 957 passivis.
1613 912 1693 950 Sed
1720 914 1775 950 in-

105 968 377 1014 corruptibile,
404 970 444 1006 in
473 970 667 1014 quantum
693 970 1072 1015 <in->corruptibile‚
1108 980 1190 1007 non
1218 972 1281 1007 est
1307 972 1575 1016 compositum
1603 982 1656 1008 ex
1682 982 1775 1008 con-

104 1027 237 1064 trariis
264 1028 408 1065 activis
436 1030 477 1065 et
501 1029 690 1074 passivis.
740 1028 845 1075 Ergo
873 1030 948 1065 etc.

55 1091 86 1115 1⁵
247 1088 301 1123 17.
327 1087 426 1124 Item
451 1088 582 1134 gloria
607 1098 691 1124 non
716 1087 849 1124 aufert
874 1088 1037 1131 homini,
1065 1089 1161 1133 quin
1187 1089 1237 1125 sit
1262 1089 1410 1125 animal
1433 1090 1643 1126 rationale.
1694 1090 1775 1127 Sed

107 1146 306 1183 rationale
335 1147 515 1183 excludit
540 1147 858 1192 incorruptibile,
897 1157 988 1183 cum
1023 1147 1223 1184 rationale
1248 1149 1374 1193 ponat
1400 1148 1626 1185 discursum
1651 1150 1775 1194 phan-

106 1205 313 1250 tasticum;
359 1206 568 1242 discursus
607 1207 743 1242 autem
787 1206 865 1242 iste
912 1206 1027 1251 ponit
1062 1207 1356 1243 resolutionem
1394 1207 1638 1252 spirituum2.
1697 1207 1775 1244 Ubi

105 1265 242 1301 autem
278 1266 341 1301 est
374 1265 584 1307 resolutio,
621 1266 684 1303 est
710 1265 927 1310 corruptio.
976 1265 1080 1311 Ergo
1108 1266 1143 1301 si
1167 1266 1288 1302 homo
1316 1267 1379 1302 est
1404 1266 1445 1302 in
1472 1267 1599 1311 gloria
1625 1267 1773 1303 animal

104 1323 316 1365 rationale,
344 1325 407 1360 est
434 1324 704 1370 corruptibile.

53 1385 87 1411 ‘20
246 1384 300 1419 18.
336 1383 435 1419 Item
471 1383 749 1425 Anselmus,
788 1383 896 1428 „Cur
920 1384 1030 1419 Deus
1053 1384 1215 1420 Homo“
1249 1384 1314 1420 lib.
1345 1384 1387 1419 II.
1426 1394 1511 1429 cap.
1538 1386 1625 1420 113:
1664 1384 1774 1428 „Non

106 1441 284 1486 pertinet
309 1443 361 1479 ad
387 1443 603 1479 veritatem
629 1443 832 1479 humanae
868 1444 1038 1479 naturae
1077 1443 1389 1487 corruptibilitas
1428 1452 1504 1479 seu
1538 1442 1774 1488 incorrupti—

106 1500 252 1543 bilitas,
291 1501 386 1546 quia
420 1503 566 1539 neutra
602 1501 699 1538 facit
732 1503 802 1538 aut
836 1502 1007 1538 destruit
1033 1501 1271 1538 hominem.“
1321 1501 1425 1547 Ergo
1452 1501 1597 1538 accidit
1622 1502 1774 1538 homini

107 1569 202 1596 esse
223 1560 495 1605 corruptibile.
533 1560 640 1607 Ergo
655 1561 720 1603 <et
739 1561 869 1606 gloria
889 1561 930 1596 et
946 1560 1319 1607 incorruptibilitas,
1340 1562 1469 1605 quae>
1483 1560 1571 1596 eius
1590 1560 1773 1602 effectus,

108 1620 171 1655 est
196 1620 390 1656 accidens
417 1620 605 1656 hominis.
654 1619 761 1665 Ergo
789 1630 879 1656 cum
918 1620 1071 1656 directe
1110 1620 1367 1664 opponantur
1405 1619 1663 1664 corruptibile
1701 1629 1774 1664 per

53 1687 87 1712 25
107 1677 300 1715 accidens
328 1680 369 1714 et
393 1678 699 1724 incorruptibile
719 1688 793 1724 per
813 1679 1018 1721 accidens,
1045 1679 1222 1714 humana
1241 1679 1395 1720 natura,
1423 1687 1527 1722 quae
1550 1679 1613 1714 est
1632 1688 1774 1714 secun-

107 1738 201 1774 dum
227 1747 273 1774 se
301 1738 583 1783 corruptibilis,
610 1747 817 1783 nunquam
842 1739 980 1783 potest
1003 1737 1095 1774 fieri
1119 1737 1445 1782 incorruptibilis.

248 1797 301 1833 19.
336 1797 436 1833 Item
468 1807 552 1833 non
587 1797 719 1833 minus
755 1798 1015 1842 opponuntur
1049 1797 1269 1833 animatum
1296 1798 1336 1832 et
1360 1795 1625 1832 inanimatum
1652 1805 1772 1840 quam

108 1856 368 1901 corruptibile
395 1857 436 1893 et
460 1856 775 1902 incorruptibile.
827 1856 907 1892 Sed
933 1856 1166 1898 animatum,
1203 1864 1373 1892 manens
1412 1855 1642 1896 animatum,
1675 1864 1773 1891 nun-

109 1924 230 1959 quam
254 1917 393 1960 potest
410 1915 502 1952 fieri
520 1916 796 1957 inanimatum,
823 1915 902 1951 nisi
920 1916 1074 1951 mutata
1094 1915 1244 1960 specie.
1290 1914 1394 1960 Ergo
1415 1923 1492 1950 nec
1513 1913 1771 1958 corruptibile

57 1988 90 2013 30
109 1974 246 2018 potest
270 1973 362 2010 fieri
386 1975 691 2020 incorruptibile
718 1974 797 2010 nisi
822 1975 976 2010 mutata
1002 1974 1150 2020 specie.

804 2056 1072 2102 Responsio.
1798 2058 1840 2095 C.

249 2128 311 2164 Ad
335 2128 443 2165 istud
471 2128 758 2174 explicandum
783 2127 1090 2174 intelligendum
1129 2127 1236 2172 quod
1275 2136 1489 2172 corporum
1524 2125 1769 2162 resurrectio

109 2187 249 2223 mundi
275 2187 485 2233 sapientes
511 2187 626 2224 latuit
651 2188 727 2223 hac
753 2187 804 2223 de
832 2193 976 2222 causa:
1005 2185 1175 2226 Quidam
1203 2185 1310 2222 enim
1336 2185 1523 2221 videntes
1547 2184 1721 2221 animam
1748 2193 1772 2219 a

110 2255 283 2291 corpore
309 2246 525 2292 aggravari
550 2247 591 2282 et
616 2245 657 2282 in
684 2245 990 2290 operationibus
1016 2244 1356 2281 intellectualibus
1383 2243 1601 2289 impediri4,
1634 2243 1771 2279 crede-

58 2319 91 2345 35
109 2305 208 2342 bant
232 2305 410 2341 animam
435 2314 518 2341 non
538 2304 644 2341 uniri
664 2304 826 2349 corpori
844 2312 917 2349 per
934 2303 1098 2339 modum
1116 2303 1272 2339 formae
1292 2301 1497 2343 naturalis,
1525 2302 1598 2339 sed
1617 2302 1772 2337 tantum

109 2372 183 2409 per
207 2363 372 2400 modum
398 2363 613 2405 moventis,
640 2372 717 2399 nec
743 2372 866 2408 posse
892 2362 932 2397 in
953 2371 1126 2406 corpore
1146 2361 1439 2406 perfectionem
1459 2370 1574 2397 suam
1593 2360 1771 2396 ultimam

111 2423 308 2459 obtinere.

247 2481 295 2517 Et
312 2482 416 2518 haec
435 2479 508 2518 fuit
526 2481 630 2517 ratio
645 2480 1027 2522 Platonicorum,
1049 2479 1169 2515 immo
1191 2479 1313 2515 etiam
1327 2477 1771 2524 Pythagoricorum,

111 2541 154 2576 ut
179 2540 323 2577 recitat
347 2540 535 2576 Tullius
561 2540 603 2576 in
627 2539 711 2575 fine
736 2539 827 2575 libri
853 2539 911 2574 De
935 2538 1144 2574 Senectute
1170 2538 1352 2574 dicens5:
1383 2536 1473 2581 „Est
1497 2536 1655 2572 animus
1683 2544 1772 2571 cae-

54 2612 93 2638 ⁴40
111 2599 226 2636 lestis
254 2609 308 2636 ex
333 2599 530 2635 altissimo
567 2598 769 2634 domicilio
805 2598 1027 2642 depressus
1066 2597 1107 2632 et
1144 2596 1260 2641 quasi
1297 2595 1499 2632 demissus
1536 2594 1578 2630 in
1611 2594 1771 2634 terram,

252 2703 295 2737 20
323 2702 378 2742 11]
404 2704 423 2736 2
520 2702 562 2735 23
588 2700 696 2743 Ergo]
725 2700 762 2740 -Ι-
792 2703 813 2733 a
909 2701 950 2733 27
977 2698 1218 2740 opponuntur]
1244 2698 1438 2740 opponitur

253 2802 262 2826 ‘
291 2804 363 2837 Cir.
388 2804 558 2843 Bonav„
587 2802 657 2847 op.
681 2811 780 2835 omn.
805 2801 829 2841 Ι,
857 2801 922 2834 750
943 2809 991 2833 ss.
1018 2801 1054 2833 et
1077 2800 1134 2840 lv,
1160 2800 1226 2833 284
1247 2808 1278 2832 a.

249 2856 264 2879 2
289 2857 359 2890 Cir.
395 2856 642 2895 Avicenna,
682 2855 735 2888 VI.
761 2855 846 2888 Nat.
880 2854 918 2893 11,
946 2854 983 2893 3;
1018 2854 1073 2887 De
1096 2852 1239 2894 Spiritu
1264 2853 1298 2885 et
1319 2851 1457 2884 Anima
1488 2859 1567 2890 cap.
1595 2850 1636 2881 55
1669 2850 1708 2881 et
1730 2849 1771 2880 5ss

115 2909 184 2949 (PL
209 2910 264 2950 40,
291 2909 357 2943 820
383 2918 411 2942 s.
439 2910 475 2942 et
500 2907 592 2949 830).

253 2962 268 2984 3
294 2962 349 2995 PL
375 2962 451 3001 158,
478 2962 555 2995 410.

252 3015 268 3037 4
293 3015 364 3048 Cir.
391 3023 502 3056 supra
529 3024 561 3055 q.
588 3014 679 3053 XIII;
706 3023 739 3054 p.
768 3011 832 3046 107
858 3012 978 3045 notam
1006 3010 1036 3044 3.
1178 3008 1192 3030 ⁵
1218 3009 1292 3049 Cap
1320 3007 1374 3042 21.
