2095 3459
821 181 994 221 Quaestio
1022 184 1057 216 ll.
1744 179 1785 216 19

106 282 316 328 utriusque
345 283 489 318 natura
516 281 688 317 relativa
715 282 778 317 est
803 282 853 317 ad
882 282 1064 323 alteram,
1101 281 1141 317 et
1168 282 1264 316 tunc
1290 282 1462 326 utraque
1491 282 1555 317 est
1581 281 1788 317 accidens.

107 342 148 379 Si
167 343 303 378 autem
329 342 392 377 est
421 341 458 377 ei
484 341 751 381 accidentale,
779 342 874 376 tunc
902 350 1049 385 corpus
1080 341 1223 385 posset
1250 350 1345 376 esse
1368 350 1516 385 corpus
1540 341 1628 376 sine
1652 341 1789 377 anima

106 401 282 438 univoce
310 404 351 437 et
372 402 552 437 econtra.
593 400 633 437 Si
654 402 788 436 autem
812 401 1021 445 dependet
1042 410 1094 436 ex
1117 409 1291 445 corpore
1319 401 1361 436 ut
1382 410 1555 445 corpore
1584 401 1788 445 posterior

107 462 147 498 et
174 462 344 498 causata
376 461 426 496 ab
463 460 565 505 ipso,
605 463 700 496 tunc
728 460 803 496 erit
842 462 1005 495 contra:
1043 469 1191 505 corpus
1229 469 1309 495 non
1339 461 1403 496 est
1430 469 1557 496 causa
1584 462 1597 502 ΙΙ
1624 460 1787 496 animae

71 528 87 552 r·
108 521 146 556 in
174 520 310 565 aliquo
338 525 527 566 genere.“

249 581 301 616 14.
342 579 439 615 Item
474 582 620 615 natura
659 579 805 615 nobilis
846 585 1009 624 semper
1048 579 1204 624 appetit
1244 580 1351 624 quod
1393 579 1537 615 melius
1578 580 1641 615 est
1668 580 1705 615 in
1734 589 1790 615 re.

108 640 189 677 Sed
216 639 378 676 habitus
407 642 470 675 est
501 639 646 675 melior
679 649 798 684 quam
838 639 1023 684 privatio.
1064 648 1162 684 ergo
1203 639 1488 675 immortalitas
1529 648 1648 684 quam
1688 648 1792 675 mor-

107 699 255 736 talitas.
306 698 386 735 Sed
415 699 621 744 appetitus
649 698 845 735 naturalis
875 699 1007 734 nullus
1036 701 1099 734 est
1124 698 1286 734 frustra.

809 782 1078 827 Responsio.

58 866 89 892 10
249 854 291 890 In
321 855 395 890 hac
423 853 668 899 quaestione
695 853 877 889 firmatur
913 853 1120 898 inquisitio
1157 853 1450 890 catholicorum
1490 854 1791 890 assertionibus

108 914 443 960 philosophorum
484 915 524 949 et
563 913 816 950 consolatur.
867 914 973 958 quod
1014 922 1158 948 omnes
1204 913 1344 949 mundi
1383 913 1595 958 sapientes
1636 913 1695 949 sic
1733 913 1790 949 in-

108 973 327 1018 veniuntur
348 974 454 1009 hanc
473 973 688 1009 veritatem
710 972 956 1015 <tenuisse.>
978 974 1019 1008 ut
1040 974 1176 1008 tamen
1206 973 1315 1008 circa
1342 982 1433 1009 eam
1459 982 1542 1009 non
1571 972 1790 1018 effugerint

109 1042 303 1069 errorem.

248 1092 461 1128 Ponebant
489 1101 586 1138 ergo
615 1092 777 1128 animae
804 1092 1148 1128 immortalitatem
1176 1092 1418 1137 ignorantes
1443 1093 1658 1133 rationem,
1686 1092 1791 1128 sicut

57 1164 89 1189 15
109 1152 222 1196 patet
242 1152 293 1187 de
308 1151 484 1193 Tullio,
511 1152 579 1196 qui
599 1152 639 1188 in
660 1151 742 1188 fine
763 1152 853 1187 libri
874 1152 932 1188 De
951 1152 1193 1195 Senectute)
1214 1162 1306 1188 cum
1328 1152 1607 1197 persuasisset
1627 1152 1790 1188 animae

109 1210 466 1253 immortalitatem,
493 1211 722 1253 subiunxit:
751 1210 905 1254 „Credo
945 1213 1045 1247 deos
1085 1211 1337 1247 immortales
1365 1212 1571 1257 sparsisse
1600 1212 1639 1247 in
1666 1212 1792 1247 corda

110 1270 298 1311 humana,
326 1272 368 1306 ut
388 1271 531 1306 essent
551 1270 620 1315 qui
640 1272 771 1307 terras
793 1272 1037 1307 tuerentur.“
1090 1271 1390 1307 Aristotele
1405 1281 1422 1306 s
1452 1271 1518 1316 qui
1539 1271 1790 1307 intellectum

110 1330 322 1366 mortalem
349 1331 542 1375 ponebat,
570 1330 666 1366 dicit
690 1331 829 1366 tamen
849 1330 889 1366 in
912 1331 1101 1371 Ethicis2,
1127 1332 1235 1375 quod
1258 1332 1410 1376 quanto
1433 1332 1555 1367 homo
1578 1332 1642 1366 est
1662 1330 1792 1376 magis

111 1389 328 1430 virtuosus,
355 1391 468 1426 tanto
498 1390 679 1435 pluribus
706 1390 887 1435 privatur
918 1391 1046 1426 bonis.
1098 1388 1361 1426 Avicenna'
1391 1390 1524 1432 etiam,
1553 1390 1620 1435 qui
1648 1391 1793 1435 probat

58 1460 92 1485 «ιο
111 1448 273 1485 animae
302 1449 658 1489 immortalitatem,
697 1449 793 1486 dicit
832 1460 921 1486 eam
964 1460 1044 1486 non
1084 1460 1210 1495 posse
1251 1460 1346 1486 esse
1387 1449 1611 1495 perfectam
1652 1450 1727 1485 nisi
1770 1460 1794 1485 a

112 1517 285 1553 corpore
314 1510 559 1554 separatam,
587 1509 691 1545 sicut
717 1510 830 1554 patet
854 1509 917 1545 IX.
944 1510 1254 1554 Metaphysieae
1280 1519 1366 1555 cap.
1394 1509 1570 1545 ultim0³.

252 1568 441 1604 Animam
468 1568 587 1614 igitur
613 1570 841 1614 posuerunt
866 1569 1136 1605 immortalem
1176 1579 1320 1605 omnes
1360 1569 1520 1605 nobiles
1560 1569 1794 1614 philosophi

114 1627 218 1663 sicut
242 1626 593 1674 Pythagoras,
628 1627 884 1664 Socrates
913 1630 953 1664 et
980 1628 1274 1667 Socratici,
1311 1631 1352 1664 ut
1378 1629 1526 1665 Plato
1556 1629 1596 1664 et
1621 1628 1795 1664 Plato—

113 1686 236 1727 nici,
277 1686 381 1722 sicut
417 1687 563 1723 recitat
600 1688 805 1724 Tullius
851 1688 890 1723 in
929 1687 1011 1724 fine
1050 1688 1140 1723 libri
1180 1688 1236 1723 De
1271 1688 1520 1724 Senectutffl.
1572 1688 1671 1724 Item
1716 1689 1794 1724 hoc

61 1755 95 1781 25
115 1755 287 1783 sensere
319 1746 691 1791 Peripatetici,
730 1746 834 1782 sicut
872 1747 989 1783 aliter
1025 1748 1065 1783 et
1102 1748 1178 1783 hoc
1218 1749 1441 1783 senserunt
1468 1747 1654 1787 Stoici,
1691 1747 1795 1783 sicut

113 1805 318 1842 Tullius
346 1807 386 1842 et
411 1805 489 1841 alii·
506 1806 754 1842 consimiles.
805 1806 922 1842 Unde
951 1807 1046 1842 dicit
1072 1807 1111 1842 in
1139 1806 1222 1843 fine
1250 1807 1309 1842 De
1334 1807 1574 1843 Senectute-'³
1611 1806 1794 1842 rationes

114 1864 353 1902 Platonis
380 1865 422 1900 in
448 1865 555 1901 hunc
582 1866 766 1901 modum:
807 1864 927 1909 „Cum
956 1868 1068 1901 tanta
1095 1866 1284 1902 celeritas
1318 1866 1548 1902 animorum
1580 1866 1641 1906 sit,
1683 1867 1796 1901 tanta

117 1924 313 1961 memoria
333 1924 647 1969 praeteritorum
669 1926 709 1960 et
728 1924 953 1960 futurorum
977 1925 1245 1970 providentia,
1273 1927 1333 1961 tot
1353 1926 1476 1966 artes,
1503 1927 1563 1961 tot
1583 1925 1794 1967 scientiae,

117 1986 158 2020 ut
183 1984 363 2026 inventa,
402 1994 485 2020 non
523 1994 649 2029 posse
689 1994 780 2020 eam
816 1985 1001 2021 naturam
1030 1994 1135 2029 quae
1162 1994 1230 2021 res
1259 1994 1331 2021 eas
1359 1985 1542 2020 continet
1570 1994 1665 2021 esse
1693 1994 1796 2020 mor-

65 2052 98 2076 κο
116 2044 251 2086 talem,
291 2053 463 2088 cumque
504 2053 668 2088 semper
707 2045 836 2080 status
872 2044 1057 2090 agitatur,
1098 2053 1174 2080 nec
1203 2043 1443 2089 principium
1472 2046 1606 2080 motus
1634 2045 1795 2082 habeat,

117 2103 212 2148 quia
236 2103 327 2148 ipse
355 2112 400 2138 se
426 2105 604 2141 moveat,
631 2112 710 2138 nec
735 2102 860 2139 finem
889 2103 1051 2148 quidem
1090 2103 1300 2144 habiturus
1330 2105 1403 2143 est,
1443 2104 1538 2148 quia
1576 2113 1795 2148 numquam

118 2172 163 2198 se
189 2162 279 2207 ipso
306 2161 351 2197 fit
375 2162 590 2197 relicturus
619 2164 659 2197 et
691 2172 781 2198 cum
820 2164 965 2198 natura
1004 2163 1179 2207 simplex
1218 2164 1343 2203 esset,
1383 2173 1465 2198 non
1504 2164 1649 2208 posset
1687 2163 1795 2199 enim

118 2221 244 2258 dividi
266 2230 499 2267 magnoque
536 2231 632 2257 esse
667 2224 889 2267 augmento
927 2222 1115 2258 homines
1152 2222 1258 2258 scire
1298 2222 1415 2267 plura
1451 2224 1674 2267 antequam
1712 2222 1797 2258 nati

119 2281 223 2321 sunt,
250 2280 359 2325 quod
385 2289 476 2316 eam
504 2280 618 2325 pueri
646 2282 728 2316 tum
754 2283 864 2316 artes
893 2280 1080 2317 difficiles
1107 2281 1279 2322 discant,
1307 2281 1362 2317 ita
1384 2281 1575 2317 celeriter
1594 2281 1797 2326 accipiant

67 2345 101 2372 5³5
119 2340 162 2375 ut
182 2348 254 2375 eas
273 2348 356 2375 non
376 2341 472 2375 tunc
491 2339 663 2384 primum
689 2340 878 2384 accipere
906 2340 1131 2379 videantur,
1159 2340 1233 2376 sed
1252 2340 1460 2376 reminisci
1488 2342 1529 2376 et
1554 2340 1795 2376 recordari.“

119 2397 231 2434 Haec
256 2398 508 2434 Platonis.

258 2456 377 2500 Ecce,
422 2458 568 2502 quibus
608 2458 814 2494 erroribus
853 2467 994 2494 veram
1033 2459 1178 2503 probat
1219 2458 1517 2503 quaestionem.
1582 2458 1647 2495 Sic
1685 2458 1796 2495 Deus

121 2516 284 2552 stultam
308 2515 406 2552 fecit
431 2517 571 2553 mundi
597 2516 840 2562 sapientiam
852 2519 878 2557 ⁶,
917 2517 984 2562 qui
1009 2527 1083 2562 per
1109 2517 1277 2562 gloriam
1319 2527 1434 2553 suam
1462 2527 1538 2553 nos
1566 2518 1730 2553 vocavit
1757 2518 1796 2553 in

121 2575 358 2611 admirabile
384 2576 521 2611 lumen
548 2577 701 2612 suum7.

69 2641 104 2666 40
259 2634 348 2671 Hoc
368 2635 589 2671 senserunt
607 2644 751 2671 omnes
772 2635 1015 2680 philosophi,
1043 2635 1229 2680 exceptis
1249 2634 1376 2680 Epic
1388 2644 1443 2671 ur
1455 2635 1533 2671 eis
1545 2637 1559 2660 S
1578 2634 1796 2676 vilissimis,

261 2722 277 2753 1
307 2721 473 2762 utraque]
499 2722 557 2754 utr
635 2722 654 2754 2
682 2721 773 2761 sine]
800 2722 893 2754 sicut
975 2722 993 2754 3
1019 2720 1186 2760 univoce]
1214 2722 1302 2753 unite
1376 2722 1417 2754 10
1445 2721 1621 2760 firmatur]
1647 2722 1797 2753 mutatio

124 2774 166 2806 14
192 2774 391 2814 Ponebant]
417 2776 623 2816 ponebatur
696 2775 737 2808 18
766 2774 913 2816 quanto]
942 2775 1085 2816 quando
1112 2773 1191 2815 (qn)
1266 2775 1309 2807 25
1330 2774 1574 2815 Peripatetici]
1596 2775 1798 2815 perypatici

124 2833 166 2865 28
198 2833 438 2874 providentia]
470 2834 663 2875 prudentia
758 2835 799 2867 31
829 2834 951 2872 finem]
984 2834 1093 2867 fidem
1189 2834 1232 2866 34
1259 2833 1346 2872 tum]
1372 2818 1447 2865 tuin

263 2916 276 2938 1
302 2925 331 2950 e.
358 2918 411 2950 21.
554 2916 569 2939 2
596 2917 709 2950 Ethic.
735 2915 882 2956 Ι,9(10)
909 2916 1161 2955 (Marchesi‚
1189 2925 1222 2957 p.
1250 2915 1376 2948 XXXV
1401 2917 1441 2948 in
1467 2912 1565 2957 line).

262 2968 277 2990 :³
302 2969 385 3002 Met.
411 2969 466 3009 IX,
494 2971 524 3003 7.
667 2969 681 2991 4
707 2970 742 3002 L.
770 2978 797 3002 ο.
824 2970 859 3001 in
886 2971 972 3002 nota
998 2970 1028 3001 1.
1053 2969 1158 3001 huius
1185 2969 1355 3010 paginae.

263 3022 279 3043 ⁵
304 3022 374 3055 Cfr.
396 3023 497 3056 Tusa.
518 3023 621 3064 Disp.
642 3023 665 3062 Ι,
682 3023 724 3055 24
740 3024 776 3055 et
789 3022 844 3055 27.
940 3022 954 3043 ὓ
980 3022 1050 3055 Cfr.
1069 3022 1091 3055 I.
1115 3022 1196 3055 Cor.
1220 3022 1249 3060 1,
1271 3021 1326 3054 20.
1422 3019 1436 3042 ⁷
1463 3021 1532 3054 Cfr.
1560 3021 1583 3054 I.
1604 3021 1697 3054 Petr.
1719 3021 1749 3059 2,
1766 3022 1796 3054 9.

265 3074 279 3095 ⁸
306 3075 376 3109 Cfr.
402 3075 633 3116 Diogenes
657 3076 880 3115 Laertius,
909 3072 1005 3119 Περὶ
1031 3074 1124 3114 βίων
1149 3075 1228 3114 etc„
1255 3075 1314 3107 lib.
1341 3074 1370 3105 X
1396 3072 1467 3112 (PL
1494 3074 1548 3112 58,
1577 3073 1661 3106 1021
1687 3073 1738 3109 C).

1496 3133 1498 3136 ,
1610 3126 1657 3159 2,

1812 465 1873 497 fol.
1895 465 1964 498 36υ
1977 473 2001 497 a
