2095 3459
799 209 972 247 Quaestio
998 210 1100 243 XVII.
1721 209 1786 245 137

108 305 282 350 pugillos
310 305 414 351 ignis
477 305 582 351 Ergo
609 305 698 348 <in>
724 305 892 342 instanti
923 306 969 342 fit
1003 307 1176 343 materia
1202 307 1242 343 in
1270 307 1443 352 decuplo
1471 308 1614 344 maiori
1642 308 1785 353 spatio,

107 363 194 400 Hoc
221 373 317 400 esse
346 374 427 400 non
456 365 604 409 potest,
631 364 710 401 nisi
737 365 870 406 subito
898 367 1122 402 moveatur.
1173 365 1278 411 Ergo
1307 367 1382 402 etc.

251 424 303 459 12.
331 423 431 459 Item
459 424 493 459 si
532 433 681 469 corpus
720 424 943 470 gloriosum
978 425 1168 461 movetur
1205 425 1245 461 in
1281 426 1479 471 tempore,
1512 427 1581 462 aut
1613 427 1691 463 hoc
1725 428 1788 463 est

107 483 275 528 propter
299 483 579 519 resistentiam
600 483 732 525 medii,
754 484 823 519 aut
843 485 1010 529 propter
1030 483 1229 520 finitatem
1249 484 1420 521 virtutis.
1455 485 1630 521 Primum
1652 486 1787 522 exclu-

72 550 88 575 5
108 550 196 577 sum
225 542 288 578 est
314 550 387 587 per
412 542 719 587 praecedentia,
746 542 971 578 secundum
991 543 1128 578 autem
1147 542 1398 588 improbatur
1419 544 1495 580 sic:
1522 544 1658 580 Virtus
1680 554 1786 589 quae

107 609 207 645 prae
234 599 392 636 finitate
418 600 638 646 impeditur
663 610 688 637 a
712 601 860 643 medio,
897 602 961 637 est
995 601 1131 646 aliquo
1166 602 1289 638 modo
1315 603 1626 648 proportionata
1651 603 1785 640 medio

107 659 175 695 vel
200 659 416 704 quantitati
441 659 575 696 medii.
625 659 731 706 Ergo
757 660 885 696 virtus
913 669 1019 705 quae
1046 670 1130 696 non
1151 661 1214 696 est
1239 661 1549 706 proportionata
1574 662 1787 708 quantitati

109 718 243 760 medii,
270 727 354 754 non
389 718 608 763 impeditur
644 728 719 755 sua
752 718 921 755 finitate.
972 719 1108 755 Virtus
1145 719 1331 765 corporis
1357 720 1527 767 gloriosi
1562 722 1625 758 est
1650 722 1785 758 huius·

109 777 231 814 modi.
282 777 491 814 Probatio:
518 777 668 817 Virtus,
695 787 800 823 quae
827 778 991 823 aequali
1016 778 1238 815 velocitate
1264 779 1412 815 transit
1438 780 1602 825 duplum
1629 782 1669 817 et
1695 781 1786 817 sub-

59 845 90 869 10
111 836 287 882 duplum,
323 846 406 872 non
443 837 507 873 est
542 837 853 882 proportionata
886 837 1100 882 quantitati
1137 838 1272 874 medii.
1321 838 1534 875 Huismodi
1570 840 1633 876 est
1658 839 1785 876 virtus

108 895 292 941 corporis
319 895 499 942 gloriosi.
549 895 655 941 Ergo
684 896 760 932 etc.
809 895 999 933 Probatio
1026 897 1282 942 assumptae:
1319 897 1360 934 Si
1394 897 1499 934 enim
1537 898 1788 944 accipiantur

108 955 188 991 duo
214 954 362 996 media,
390 964 562 1000 quorum
589 964 714 991 unum
740 955 793 991 sit
818 955 941 1000 duplo
969 955 1137 992 densius
1165 956 1306 999 altero,
1333 956 1461 992 virtus
1486 957 1655 994 alicuius
1675 960 1687 1001 Η
1705 968 1788 994 mo·
1809 965 1869 998 fol.
1895 966 1994 998 31rb

107 1014 207 1051 toris
235 1014 382 1050 eadem
408 1014 628 1050 velocitate
655 1014 696 1050 et
722 1014 870 1050 eodem
896 1015 1082 1060 tempore
1108 1015 1296 1052 transibit
1321 1025 1397 1061 per
1421 1015 1628 1053 dimidium
1667 1017 1788 1063 spatii

109 1073 230 1119 duplo
268 1073 473 1110 densioris
509 1074 550 1109 et
578 1073 705 1109 totale
742 1073 914 1118 spatium
951 1074 1076 1110 medii
1110 1074 1289 1111 rarioris.
1337 1074 1443 1121 Ergo
1471 1075 1506 1111 si
1532 1076 1596 1112 est
1621 1076 1785 1122 aliquod

59 1140 89 1164 15
108 1132 271 1174 mobile,
305 1133 414 1177 quod
442 1133 589 1169 eadem
615 1132 834 1169 velocitate
861 1133 1047 1169 transeat
1067 1142 1142 1178 per
1161 1133 1352 1179 bipedale
1379 1134 1555 1179 spatium
1580 1135 1784 1172 densioris

109 1192 150 1228 et
174 1192 366 1237 bipedale
393 1191 574 1233 rarioris,
601 1191 789 1228 transibit
816 1192 917 1228 etin
945 1192 1094 1229 eodem
1119 1192 1306 1238 tempore
1332 1193 1399 1229 vel
1424 1194 1588 1239 aequali
1614 1195 1786 1239 quadru-

107 1251 256 1297 pedale
283 1251 457 1296 spatium
478 1250 656 1287 rarioris.
694 1249 800 1297 Ergo
822 1261 906 1287 non
926 1251 1050 1288 habet
1076 1251 1266 1288 virtutem
1284 1252 1635 1304 proportionatam
1663 1263 1786 1299 quan-

108 1310 212 1346 titati
239 1310 371 1355 spatii.
419 1309 526 1356 Ergo
553 1319 629 1355 per
653 1308 855 1347 finitatem
881 1310 1006 1347 medii
1031 1320 1115 1347 non
1140 1311 1367 1357 impeditur.

252 1371 306 1406 13.
332 1369 433 1406 Item
461 1370 496 1405 si
522 1379 606 1406 non
632 1369 695 1405 est
718 1369 929 1415 proportio
957 1379 1109 1407 causae
1145 1371 1198 1407 ad
1225 1380 1402 1414 causam,
1429 1381 1508 1408 nec
1534 1371 1707 1409 eftectus
1735 1373 1787 1409 ad

57 1435 91 1460 20
112 1428 314 1465 effectum.
366 1428 448 1465 Sed
467 1429 524 1465 ita
544 1429 609 1465 est
627 1428 669 1464 in
688 1429 914 1475 proposito,
935 1428 1030 1474 quia
1049 1429 1178 1465 virtus
1192 1439 1366 1467 movens
1394 1440 1542 1476 corpus
1563 1431 1786 1477 gloriosum

111 1489 174 1524 est
200 1487 347 1530 anima,
373 1488 502 1524 virtus
529 1497 704 1524 movens
732 1488 912 1533 lapidem
939 1489 1003 1525 est
1028 1488 1209 1535 gravitas
1236 1488 1394 1534 lapidis.
1444 1489 1534 1526 Non
1561 1491 1625 1526 est
1649 1490 1787 1526 autem

109 1547 320 1593 proportio
347 1547 510 1583 animae
536 1547 589 1583 ad
615 1546 870 1593 gravitatem,
896 1556 974 1583 nec
1000 1547 1123 1584 etiam
1150 1547 1382 1584 subtilitatis
1409 1548 1592 1594 corporis
1619 1549 1787 1595 gloriosi

110 1606 177 1643 vel
205 1606 327 1643 etiam
351 1606 587 1643 mobilitatis
615 1606 666 1642 ad
691 1606 960 1643 mobilitatem
979 1606 1136 1652 lapidis.
1171 1606 1277 1653 Ergo
1299 1616 1378 1644 nec
1399 1607 1572 1644 effectus
1594 1607 1645 1644 ad
1666 1608 1787 1645 effec-

110 1667 205 1702 tum.
254 1665 360 1711 Ergo
388 1665 423 1701 si
447 1665 551 1711 lapis
578 1665 767 1702 movetur
797 1665 839 1701 in
870 1666 1068 1711 tempore,
1101 1675 1250 1712 corpus
1281 1666 1507 1712 gloriosum
1532 1667 1720 1703 movetur
1745 1667 1787 1703 in

60 1735 93 1761 25
112 1734 196 1761 non
222 1725 421 1770 tempore.

251 1784 305 1820 14.
331 1783 630 1829 Respondetur,
646 1784 755 1828 quod
769 1783 865 1820 licet
884 1793 969 1820 non
989 1783 1041 1820 sit
1059 1784 1270 1829 proportio
1288 1784 1331 1821 in
1351 1785 1543 1827 essendo,
1566 1789 1629 1821 est
1648 1786 1786 1821 tamen

110 1843 321 1889 proportio
348 1843 390 1879 in
415 1843 634 1880 movendo.

252 1902 420 1939 Contra:
446 1902 490 1938 In
518 1902 629 1938 omni
655 1903 843 1939 creatura
867 1902 947 1939 ista
971 1902 1049 1939 tria
1075 1903 1169 1939 sunt
1195 1903 1273 1939 sibi
1291 1903 1674 1948 proportionabilia:
1696 1904 1787 1940 sub-

112 1962 272 2004 stantia,
298 1961 426 1998 virtus
455 1962 496 1997 et
522 1962 707 2007 operatio
720 1964 743 1997 ¹.
792 1961 899 2007 Ergo
927 1962 962 1998 si
987 1971 1071 1998 non
1104 1962 1168 1998 est
1202 1962 1411 2008 proportio
1448 1963 1702 2002 substantiae
1734 1964 1786 1999 ad

59 2031 93 2057 30
112 2021 233 2057 aliam
260 2021 541 2063 substantiam,
577 2030 656 2058 nec
689 2021 848 2057 virtutis
875 2021 928 2057 ad
959 2021 1081 2058 aliam
1115 2021 1316 2064 virtutem,
1352 2030 1431 2058 nec
1457 2022 1708 2067 operationis
1734 2023 1785 2058 ad

113 2080 407 2126 operationem.

254 2140 308 2175 15.
334 2139 435 2176 Item
461 2140 594 2176 omnis
620 2141 754 2176 motus
779 2141 849 2176 aut
876 2141 939 2176 est
964 2149 1038 2185 per
1062 2140 1341 2176 resistentiam
1371 2140 1496 2176 medii
1520 2141 1571 2176 ad
1597 2150 1685 2176 rem
1705 2150 1787 2176 mo-

112 2200 206 2241 tam,
233 2199 304 2235 aut
329 2198 496 2244 imparis
523 2198 684 2235 mobilis
710 2199 763 2236 ad
788 2200 1000 2235 motorem.
1051 2199 1132 2235 Sed
1164 2198 1206 2235 in
1241 2199 1452 2245 proposito
1491 2199 1670 2236 medium
1703 2210 1787 2236 non

113 2258 310 2294 resistere
337 2257 485 2300 mobili,
521 2258 635 2303 patet
661 2267 714 2294 ex
749 2258 845 2294 dote
880 2257 1123 2294 subtilitatis.
1174 2257 1274 2294 Item
1307 2258 1458 2294 mobile
1492 2258 1625 2303 ipsum
1651 2259 1715 2295 est
1746 2258 1786 2294 in

62 2326 95 2352 35
113 2317 238 2363 plena
264 2316 529 2353 oboedientia
554 2317 606 2353 ad
632 2317 835 2353 motorem
860 2315 1158 2361 incorporeum.
1208 2315 1313 2362 Ergo
1347 2316 1382 2352 si
1412 2315 1682 2352 transferatur
1713 2325 1787 2361 per

115 2375 301 2421 spatium,
327 2375 406 2411 hoc
431 2375 542 2411 nullo
569 2376 691 2412 modo
719 2375 795 2411 erit
819 2375 861 2410 in
886 2376 1072 2420 tempore
1099 2375 1166 2410 vel
1191 2384 1265 2420 per
1290 2375 1455 2411 motum.

256 2435 310 2470 16.
337 2434 438 2470 Item
462 2434 504 2470 in
530 2443 673 2476 vacuo,
701 2434 736 2470 si
762 2435 886 2477 esset,
914 2434 1140 2470 secundum
1164 2433 1534 2478 Philosophum2
1565 2443 1648 2470 non
1675 2435 1787 2470 esset

115 2494 260 2536 motus,
287 2493 382 2539 quia
407 2503 492 2529 non
518 2494 632 2530 esset
651 2493 692 2529 in
714 2503 764 2529 eo
786 2492 1034 2529 resistentia.
1077 2492 1184 2538 Ergo
1211 2502 1302 2528 cum
1321 2492 1498 2528 medium
1518 2502 1601 2529 non
1620 2493 1788 2529 resistat

116 2553 279 2598 corpori
302 2552 496 2598 glorioso,
522 2562 606 2589 non
633 2554 772 2598 potest
798 2562 894 2588 esse
919 2552 961 2588 in
987 2561 1037 2588 eo
1058 2553 1192 2588 motus
1220 2552 1397 2588 omnino.

64 2622 98 2647 40
258 2613 312 2648 17.
338 2611 439 2653 Item
465 2621 586 2648 omne
613 2621 774 2657 corpus,
802 2612 953 2656 quanto
981 2610 1167 2647 subtilius
1195 2611 1267 2652 est,
1294 2611 1407 2646 tanto
1440 2610 1623 2647 velocius
1650 2620 1787 2646 move-

116 2672 212 2707 tur-⁵³.
261 2671 367 2717 Ergo
396 2659 556 2716 corpus,
584 2671 697 2707 cuius
725 2670 926 2706 subtilitas
953 2669 1412 2715 improportionabiliter
1438 2669 1602 2705 excedit
1637 2669 1788 2705 subtili-

116 2731 244 2767 tatem
270 2730 450 2771 alterius‚
478 2730 518 2766 et
543 2731 677 2766 motus
705 2729 768 2766 sui
792 2729 991 2765 velocitas
1012 2728 1469 2773 improportionabiliter
1489 2728 1653 2765 excedit
1678 2728 1787 2764 velo-

260 2830 301 2862 17
338 2827 500 2868 rarioris]
541 2828 578 2866 -†—
619 2837 686 2869 per
721 2828 885 2869 regulam
922 2827 975 2860 sic
1011 2827 1143 2859 dictam
1261 2827 1396 2859 28—29
1435 2826 1650 2865 substantia]
1691 2827 1788 2859 facta

119 2882 162 2914 30
187 2880 343 2920 virtutis]
368 2881 483 2914 virtus

259 2975 271 2997 1
298 2976 369 3008 Cir.
394 2976 651 3016 Dionysius,
685 2975 739 3008 De
765 2975 862 3007 Cael.
887 2974 1000 3013 Hier„
1037 2983 1115 3015 cap.
1144 2974 1185 3006 11
1222 2972 1290 3012 [PL
1317 2973 1392 3013 122,
1421 2972 1541 3013 1059„
1579 2974 1642 3006 cfr.
1675 2982 1788 3014 supra

119 3038 154 3069 p.
182 3030 236 3069 63,
265 3030 336 3062 not.
366 3030 395 3062 1.

258 3081 273 3104 2
298 3082 407 3123 Phys.
433 3083 486 3121 III,
515 3084 544 3115 1.
685 3081 700 3104 3
724 3081 866 3115 Ibidem
890 3081 946 3120 IV,
973 3081 992 3114 8
1019 3079 1103 3120 (11).
