2095 3459
819 188 992 226 Quaestio
1018 190 1074 222 IV.
1740 187 1785 225 45

246 285 344 322 Item
372 286 407 322 si
433 287 527 322 sunt
560 285 719 322 infinita
754 288 857 327 actu,
896 287 956 323 tot
994 288 1088 323 sunt
1127 287 1282 323 denarii
1321 288 1428 333 quod
1469 288 1652 333 quinarii.
1704 289 1783 325 Sed

108 345 293 390 sequitur
318 345 352 381 si
384 346 478 381 sunt
503 346 659 382 tantum
685 347 770 382 tres
806 346 964 382 denarii
1001 347 1119 383 simul
1161 348 1200 383 et
1237 347 1322 383 tres
1361 348 1551 389 unitates,
1590 357 1685 393 pars
1721 350 1785 384 est

106 404 291 450 aequalis
318 405 392 441 toti
418 414 492 450 per
518 414 682 441 omnem
708 406 884 442 modum.
925 405 1030 452 Ergo
1058 407 1092 442 si
1119 407 1262 452 positis
1290 408 1383 443 actu
1409 407 1577 444 infinitis
1605 409 1699 444 sunt
1725 410 1784 444 tot

106 464 263 500 denarii
298 465 397 509 quot
437 464 627 506 unitates,
665 475 761 510 pars
801 467 865 501 est
902 466 1087 511 aequalis
1123 466 1196 502 toti
1232 476 1312 502 non
1353 467 1483 502 solum
1512 476 1681 504 numero
1709 469 1783 504 sed

69 530 86 556 5
106 523 351 560 omnimode.

245 583 344 619 Item
367 583 400 619 si
419 584 513 619 sunt
533 586 647 626 <res>
667 584 850 620 infinitae
871 584 911 620 in
933 586 1095 627 mundo,
1123 594 1221 631 ergo
1249 585 1449 622 medietas
1477 587 1540 622 est
1567 586 1608 623 in
1634 587 1783 623 medie-

104 643 188 678 tate
214 643 364 678 mundi.
413 642 519 689 Ergo
547 642 747 679 infinitum
775 645 899 680 habet
925 645 1199 685 medietatem.
1228 646 1268 680 et
1300 654 1373 690 per
1400 655 1662 691 consequens
1700 656 1779 682 non

105 703 169 738 est
193 701 405 738 infinitum.

245 761 286 798 Si
311 762 420 797 dicat
445 762 554 807 quod
582 772 665 798 non
693 764 787 798 sunt
813 763 853 798 in
879 763 970 799 loco
996 784 1043 787 —
1070 764 1232 799 contra:
1272 773 1345 809 per
1380 765 1458 800 hoc
1492 774 1574 800 non
1602 765 1781 802 solvitur,

51 831 84 857 10
104 820 200 865 quia
223 820 420 866 possibile
447 822 511 857 est
536 821 751 857 animabus
779 822 942 867 operari
968 822 1118 867 aliquid
1146 822 1186 858 in
1213 823 1303 859 loco
1330 823 1371 859 in
1399 823 1573 859 diversis
1599 824 1780 869 partibus

102 879 297 921 universi,
324 880 420 925 quia
440 880 649 925 quaelibet
665 890 761 926 pars
788 881 971 917 universi
997 881 1047 917 sit
1074 882 1286 918 divisibilis
1307 882 1349 918 in
1369 881 1581 918 infinitum.
1619 882 1667 919 Et
1685 884 1782 920 tunc

103 939 286 984 sequitur
312 941 609 985 argumentum.

242 998 342 1035 Item
369 999 404 1035 si
429 1001 572 1042 <sunt>
597 999 757 1036 infinita
783 1001 887 1041 actu,
914 1010 997 1036 non
1025 1002 1198 1046 possunt
1224 1002 1377 1038 habere
1406 1001 1601 1038 ordinem.

850 1086 1030 1138 Contra.
1801 1107 1848 1145 B.

50 1200 83 1226 15
220 1185 251 1220 1.
264 1183 504 1220 Psalmus:
521 1183 620 1228 „Qui
634 1184 752 1220 finxit
769 1185 1002 1231 singillatim
1017 1186 1143 1221 corda
1158 1187 1321 1222 eorum“
1332 1188 1355 1221 1.
1372 1185 1592 1222 Glossa2:
1607 1186 1630 1222 i.
1646 1196 1680 1223 e.
1696 1196 1780 1223 cre—

101 1243 187 1279 avit
201 1243 359 1280 animas
377 1253 519 1280 eorum
534 1244 768 1290 singillatim
782 1244 805 1280 i.
822 1254 855 1281 e.
872 1245 1054 1291 singulas
1069 1254 1144 1290 per
1165 1254 1211 1281 se
1233 1254 1287 1281 ex
1307 1245 1443 1287 nihilo,
1464 1255 1548 1281 non
1570 1255 1623 1281 ex
1637 1246 1778 1282 Adam.

219 1304 250 1339 2.
277 1303 460 1349 Amplius
482 1303 859 1349 <Augustinus>‚
888 1305 1071 1340 secundo
1097 1303 1155 1340 De
1187 1304 1334 1340 Libero
1352 1305 1585 1341 A‘rbitrioss:
1623 1304 1778 1350 „Ipsam

100 1361 304 1398 rationem
329 1372 470 1399 nonne
496 1363 777 1408 unusquisque
804 1364 929 1400 habet
955 1372 1081 1405 suam,
1110 1364 1274 1408 quando
1295 1364 1506 1409 <quidem>
1526 1363 1617 1400 fieri
1642 1365 1780 1409 potest

101 1422 145 1457 ut
171 1430 249 1468 ego
276 1422 427 1467 aliquid
453 1421 689 1468 intelligam,
729 1432 820 1458 cum
851 1424 895 1459 tu
932 1423 1028 1459 illud
1066 1433 1149 1459 non
1187 1423 1391 1469 intelligis.
1441 1423 1524 1459 Nec
1558 1424 1691 1459 utrum
1722 1424 1779 1460 in-

47 1494 82 1520 20
101 1481 281 1526 telligam
306 1484 424 1524 <cur>
450 1482 494 1518 tu
520 1482 626 1518 scire
651 1482 800 1527 possis,
828 1492 906 1528 ego
932 1483 1070 1518 autem
1097 1483 1234 1519 sciam.
1281 1482 1540 1519 Manifestum
1567 1484 1630 1519 est
1657 1483 1778 1519 etiam

100 1540 324 1577 rationales
351 1542 512 1577 mentes
540 1541 723 1587 singulos
751 1551 938 1586 quosque
965 1542 1150 1578 nostrum
1177 1542 1358 1587 singulas
1385 1542 1572 1578 habere.“

240 1600 272 1636 3.
298 1599 399 1636 Item
426 1601 467 1637 et
493 1601 557 1637 est
581 1601 661 1637 hoc
686 1600 790 1636 libro
816 1601 849 1637 2.
874 1601 981 1637 Sent.
1010 1601 1101 1637 dist.
1129 1602 1183 1642 18,
1210 1601 1251 1637 in
1276 1601 1361 1637 fine
1373 1603 1396 1637 4.

240 1660 273 1696 4.
298 1659 398 1696 Item
419 1659 733 1706 Augustinus
759 1659 886 1696 refert
912 1661 990 1696 hoc
1009 1660 1112 1696 libro
1132 1660 1496 1697 Retractationum
1517 1660 1542 1702 Ι,
1564 1670 1650 1706 cap.
1672 1660 1742 1696 VII
1752 1663 1776 1697 5.

99 1718 341 1755 Retractans
367 1719 464 1755 illud
491 1720 599 1764 quod
626 1719 812 1755 dixerat⁶
839 1729 982 1756 omnes
1009 1720 1120 1756 artes
1147 1720 1325 1756 animam
1352 1729 1493 1756 secum
1517 1718 1662 1756 tulisse
1700 1729 1777 1756 nec

47 1790 82 1816 25
101 1777 209 1814 aliud
237 1787 332 1814 esse
368 1778 527 1814 discere
561 1787 682 1823 quam
716 1778 934 1821 reminisci,
974 1779 1110 1815 subdit
1136 1780 1244 1824 quod
1280 1789 1363 1815 non
1397 1779 1456 1815 sic
1493 1779 1775 1824 accipiendum

102 1837 176 1879 est,
203 1837 321 1882 quasi
348 1847 402 1873 ex
426 1838 506 1873 hoc
531 1838 811 1882 approbentur
830 1837 988 1874 animas
1010 1839 1100 1881 <vel
1121 1838 1185 1874 hic
1205 1838 1246 1874 in
1266 1838 1346 1874 alio
1368 1841 1565 1883 corpore>
1590 1838 1657 1874 vel
1682 1838 1777 1874 alibi

102 1896 190 1933 sive
215 1896 257 1932 in
283 1906 467 1942 corpore,
494 1897 583 1933 sive
609 1898 727 1933 extra
748 1906 895 1942 corpus
915 1897 1135 1942 aliquando
1157 1898 1324 1934 vixisse.
1362 1897 1468 1944 Ergo
1488 1898 1625 1934 anima
1644 1897 1775 1933 omnis

100 1955 241 2001 incipit
267 1965 358 1992 cum
384 1965 570 2001 corpore.
607 1956 713 2002 Ergo
741 1966 824 1992 non
853 1958 916 1993 est
942 1966 1024 1993 una
1049 1957 1197 1999 anima,
1225 1957 1329 1993 sicut
1355 1966 1434 1993 nec
1458 1967 1582 1993 unum
1615 1966 1774 2002 corpus.

241 2017 274 2052 5.
299 2015 398 2051 Item
425 2016 761 2062 Augustinus,
787 2016 852 2052 Ad
876 2016 1229 2061 Hieronymum7:
1271 2015 1430 2059 „Sentis
1457 2017 1566 2061 quod
1594 2016 1774 2062 singulas

48 2086 83 2112 30
101 2074 259 2111 animas
286 2075 456 2121 singulis
481 2075 721 2120 corporibus
748 2075 1014 2111 nascentibus
1043 2076 1163 2111 etiam
1191 2076 1314 2111 modo
1350 2075 1473 2112 iaciat
1497 2075 1620 2111 Deus.
1669 2075 1775 2112 Ecce

102 2134 196 2170 volo
222 2135 266 2170 ut
290 2134 369 2170 ista
396 2134 603 2170 sententia
628 2144 722 2170 mea
748 2134 810 2177 sit,
846 2135 920 2171 sed
952 2135 1135 2171 nondum
1162 2144 1258 2171 esse
1286 2134 1517 2170 confirmo.“
1569 2134 1776 2171 Dubitavit

103 2193 212 2229 enim
237 2193 488 2240 Augustinus
515 2194 567 2230 de
594 2194 763 2239 origine,
790 2203 997 2239 nunquam
1023 2194 1222 2230 dubitavit
1247 2195 1298 2230 de
1325 2203 1506 2230 numero.

242 2292 262 2324 2
288 2291 332 2331 si]
358 2293 391 2324 A
418 2291 456 2331 4—
485 2293 623 2325 tantum
720 2292 809 2324 3-4
847 2301 914 2332 per
943 2301 1084 2325 omnem
1104 2293 1263 2325 modum:
1298 2293 1394 2333 Ergo
1423 2293 1453 2324 si
1472 2293 1602 2333 positis
1623 2293 1705 2325 actu
1724 2292 1774 2324 in-

103 2345 214 2377 'finitis
234 2346 317 2378 sunt
335 2346 387 2378 tot
406 2345 545 2378 denarii
571 2347 658 2386 quot
682 2345 851 2385 unitates,
877 2354 963 2385 pars
990 2347 1046 2378 est
1072 2346 1237 2386 aequalis
1263 2344 1339 2384 toti]
1365 2345 1397 2377 Β
1422 2354 1492 2377 om.
1584 2346 1604 2377 6
1630 2344 1774 2383 mundo]

107 2398 136 2430 B
159 2398 196 2436 -Ι-
219 2399 294 2431 toto
367 2399 387 2431 9
414 2398 450 2431 Si
476 2399 572 2431 dicat
598 2398 694 2438 quod
716 2407 789 2430 non
809 2397 904 2437 sunt]
929 2399 960 2431 B
981 2407 1052 2431 om.
1128 2399 1169 2431 10
1197 2399 1253 2431 est
1278 2398 1479 2443 animabus]
1504 2399 1536 2431 Β
1557 2399 1594 2437 -1-
1619 2400 1675 2431 est
1700 2399 1774 2430 ani-

103 2452 231 2484 mabus
329 2452 369 2484 11
397 2452 433 2483 in
458 2450 648 2490 infinitum]
673 2452 705 2483 B
729 2460 799 2484 om.
899 2452 940 2483 13
965 2451 1118 2490 infinita]
1144 2452 1175 2484 Β
1202 2452 1322 2492 gratia
1419 2452 1460 2483 16
1488 2450 1624 2490 eorum]
1650 2452 1680 2484 Β
1701 2460 1771 2484 om.

104 2503 324 2546 sIngillatim]
362 2505 393 2536 B
427 2505 611 2546 sIgillatim
646 2505 742 2536 sicut
772 2504 930 2544 Vulgata
961 2506 995 2536 et
1021 2505 1157 2537 Glossa
1258 2505 1279 2536 i.
1310 2513 1341 2537 e.
1371 2503 1545 2545 singulas]
1578 2505 1610 2537 Β
1636 2504 1774 2537 scilicet

105 2558 270 2599 sigillans
367 2559 409 2590 17
434 2556 671 2599 Augustinus]
700 2558 730 2589 Β
756 2566 827 2590 om.
926 2558 967 2589 18
994 2566 1114 2590 nonne
1141 2556 1405 2597 unusquisque]
1437 2558 1531 2590 unde
1560 2557 1771 2597 unumquid-

104 2620 175 2651 que
271 2611 313 2644 19
351 2610 480 2649 utrum]
519 2611 662 2643 videtur
764 2611 899 2643 19-20
937 2610 1148 2652 intelligam]
1186 2611 1216 2642 A
1239 2611 1268 2643 <fi
1287 2610 1318 2643 Β
1355 2611 1574 2644 intellectam
1653 2609 1772 2649 etiam]

102 2665 134 2697 B
160 2665 280 2697 autem
384 2665 426 2697 22
459 2664 491 2696 2.
518 2663 614 2696 Sent.
641 2664 721 2696 dist.
750 2664 802 2703 18,
830 2664 866 2696 in
892 2663 976 2702 fine]
1003 2664 1033 2696 Β
1060 2672 1130 2696 om.
1158 2663 1254 2696 Sent.
1277 2672 1351 2704 pro
1378 2663 1457 2695 dist.
1485 2664 1597 2704 ponit
1621 2664 1676 2702 de,
1697 2671 1772 2704 pro

103 2723 196 2756 fine:
221 2724 344 2756 ultime
418 2723 460 2755 23
486 2723 600 2755 refert
623 2722 704 2761 hoc]
730 2723 761 2755 B
788 2731 858 2755 om.
933 2722 976 2755 26
1003 2722 1154 2761 animas]
1187 2723 1217 2754 A
1247 2722 1284 2760 -Ι-
1309 2706 1390 2754 eum
1462 2723 1521 2754 vel
1541 2721 1637 2761 alibi]
1662 2722 1694 2754 Β
1713 2722 1772 2754 vel

102 2777 139 2809 in
164 2777 250 2809 alibi
344 2777 386 2809 27
414 2776 609 2817 aliquando
656 2775 808 2814 vixisse]
834 2776 865 2808 B
891 2773 937 2808 al’
956 2777 1003 2807 110
1028 2776 1178 2808 vexisse
1275 2776 1316 2807 29
1343 2774 1578 2816 Augustinus]
1603 2775 1635 2807 Β
1663 2774 1700 2813 -1-
1730 2784 1771 2807 se

104 2830 147 2862 30
174 2829 399 2870 corporibus]
424 2830 456 2862 B
474 2839 545 2862 om.
604 2829 725 2868 etiam]
745 2830 775 2861 B
795 2830 831 2861 et
903 2829 943 2861 31
966 2828 1059 2867 mea]
1078 2828 1108 2861 A
1124 2830 1154 2861 ὦ
1167 2829 1198 2861 Β
1217 2837 1290 2861 una
1361 2828 1403 2860 32
1425 2827 1576 2869 origine]
1596 2829 1628 2860 Β
1647 2828 1771 2860 ordine

243 2924 256 2947 1
282 2925 339 2958 Ps.
366 2925 420 2964 32,
449 2926 503 2958 15.
644 2923 659 2945 2
683 2924 740 2957 PL
766 2924 843 2963 113,
871 2923 947 2956 889.

243 2976 258 2999 3
281 2978 320 3017 ΙΙ,
347 2978 367 3011 7
394 2978 463 3016 (PL
488 2977 544 3017 32,
571 2977 659 3010 1249
685 2986 719 3009 n.
748 2975 815 3016 15).
957 2975 972 2997 4
996 2977 1171 3015 Bonav„
1200 2976 1265 3017 Op.
1293 2984 1391 3009 omn.
1417 2976 1456 3015 H,
1483 2975 1560 3008 429.

242 3030 258 3052 5
281 3031 305 3070 Ι,
333 3031 352 3062 8
379 3028 449 3070 (PL
474 3031 528 3070 32,
555 3030 621 3063 594
647 3038 681 3062 11.
709 3028 754 3069 2).
894 3028 910 3050 ⁶
934 3029 986 3061 De
1013 3029 1149 3069 Quam.
1175 3028 1343 3067 Animae,
1370 3037 1399 3061 c.
1427 3028 1469 3061 20
1496 3026 1542 3067 (n.
1571 3027 1640 3067 34).

243 3082 257 3105 7
282 3084 348 3125 Ep.
376 3084 444 3116 166
469 3082 575 3122 (alias
602 3078 661 3124 28)
687 3090 716 3115 0.
744 3082 763 3114 4
790 3080 861 3121 (PL
886 3082 939 3121 33,
967 3082 1033 3114 724
1058 3091 1092 3114 11.
1120 3080 1164 3121 8).
