2095 3459
718 197 890 234 Quaestio
917 198 974 230 Xll
1002 199 1038 230 et
1064 198 1117 230 XI.
1699 193 1762 228 101

81 303 165 332 non
193 295 257 331 est
284 304 338 331 ex
364 294 528 331 deiectu
555 294 728 336 habitus,
756 303 877 340 quem
903 295 1059 331 tantum
1086 295 1251 333 habent.
1290 294 1394 330 sicut
1419 302 1599 338 unquam
1625 293 1767 335 <sunt>

81 353 311 395 habiturae,
338 354 411 390 sed
441 363 495 390 ex
520 353 813 399 impedimento
833 353 1044 398 potentiae
1066 353 1275 389 naturalis.
1325 352 1443 388 Unde
1465 353 1593 388 totum
1614 352 1768 388 habent

82 412 264 449 habitum
291 413 459 459 gloriae,
487 413 561 449 sed
589 423 671 449 non
699 413 852 449 habent
877 414 1005 449 totum
1032 413 1167 449 actum
1193 412 1361 458 gloriae.

224 471 444 509 Sciendum
472 473 592 518 igitur
619 473 727 517 quod
754 472 950 508 naturalis
977 472 1162 517 potentia
1188 471 1399 516 tripliciter
1425 470 1662 516 impeditur:
1692 469 1768 506 Vel

48 538 64 563 5
83 541 157 577 per
182 531 389 568 actionem
416 532 585 569 alterius
611 532 834 577 potentiae.
870 532 937 568 vel
966 540 1040 576 per
1069 530 1430 576 interemptionem
1466 529 1595 575 ipsius
1632 529 1673 565 in
1710 538 1767 568 se,

82 591 148 628 vel
175 600 251 636 per
277 591 539 628 occasionem
566 591 695 636 ipsius
723 591 942 627 essentiae.

226 650 286 686 De
313 650 444 695 primo
471 650 568 686 dicit
594 650 865 692 Avicenna,
900 649 957 686 VI.
985 649 1286 685 Naturaliuml
1320 649 1429 693 quod
1463 648 1654 684 virtutum
1687 648 1771 683 ani-

82 719 174 746 mae
213 719 296 746 una
333 709 502 754 impedit
539 709 721 745 alteram.
772 709 814 745 Si
848 710 984 745 autem
1019 718 1102 744 non
1137 708 1340 744 haberent
1372 707 1587 748 vinculum,
1622 707 1663 742 in
1690 716 1769 751 quo

83 768 432 814 coniungerentur
459 770 499 804 et
524 768 634 813 quod
662 769 722 806 eis
759 768 1040 804 dominaretur
1075 769 1115 804 et
1153 767 1264 813 quod
1301 768 1470 812 propter
1508 766 1611 802 alias
1646 765 1772 810 impe-

33 833 65 858 10
85 827 239 864 diretur
275 837 424 874 regere
462 827 565 864 alias
605 829 645 864 et
683 827 884 864 dominari
923 827 1024 868 aliis,
1063 827 1157 863 illae
1197 836 1280 862 non
1315 826 1577 862 retraherent
1611 825 1715 861 alias
1747 835 1773 861 a

83 887 249 932 propria
275 887 451 924 actione.
504 887 590 923 Nec
617 886 725 924 enim
751 886 982 932 impeditur,
1020 886 1100 922 nisi
1127 895 1181 922 ex
1208 885 1419 922 debilitate
1446 885 1606 920 virtutis
1633 885 1771 920 imme-

85 947 232 983 diatius
260 956 306 983 se
334 946 599 983 extendentis
624 946 665 982 111
691 947 838 987 actum,
865 948 1020 991 <quae>
1047 945 1170 981 trahit
1188 954 1330 981 secum
1349 945 1482 980 aliam.
1504 965 1547 969 —-
1568 944 1678 980 Istud
1704 943 1774 979 im-

84 1006 365 1051 pedimentum
385 1005 441 1042 ibi
462 1015 558 1042 esse
579 1015 663 1042 non
684 1006 833 1051 potest,
849 1005 945 1050 quia
964 1004 1173 1050 quaelibet
1187 1004 1384 1049 potentia,
1403 1005 1416 1046 11
1435 1003 1526 1040 dico
1546 1003 1770 1044 rationalis,

84 1065 253 1102 habebit
290 1064 519 1110 perfectum
556 1064 613 1101 ibi
650 1066 823 1101 naturae
864 1074 965 1101 suae
1004 1064 1181 1105 modum,
1225 1064 1266 1099 et
1304 1063 1413 1099 idem
1451 1062 1529 1099 erit
1567 1062 1772 1099 obiectum

33 1128 65 1154 15
84 1124 256 1161 rationiS
284 1126 325 1161 et
350 1124 584 1161 voluntatis.

225 1183 430 1229 Amplius:
468 1183 554 1220 Nec
580 1183 764 1220 secundo
791 1184 914 1219 modo
952 1182 1208 1228 impedietur,
1247 1182 1343 1227 quia
1378 1182 1548 1221 habebit
1585 1181 1767 1218 habitum

84 1242 440 1289 perfectissimum,
468 1243 663 1288 quantum
690 1252 965 1288 unaquaeque
993 1243 1057 1279 est
1081 1242 1281 1278 habitura.

226 1302 308 1339 Sed
332 1302 454 1338 tertio
481 1302 603 1338 modo
630 1302 849 1347 impeditur
876 1312 929 1338 ex
951 1301 1142 1338 rationali
1161 1301 1337 1338 naturali
1357 1301 1541 1346 appetitu
1562 1300 1772 1337 essentiae

85 1361 213 1407 ipsius
247 1361 421 1403 animae,
461 1361 567 1398 sicut
593 1361 690 1398 dicit
724 1361 836 1406 prius
863 1361 1042 1407 allegata
1076 1360 1301 1397 auctoritas
1338 1359 1637 1406 Augustini2‚
1677 1359 1773 1404 quia

32 1429 66 1455 20
85 1421 214 1460 inest,
233 1421 272 1457 ei
309 1420 515 1466 appetitus
550 1420 864 1457 administrandi
899 1429 1048 1465 corpus
1087 1430 1217 1456 suum.
1268 1419 1435 1465 Appetit
1475 1419 1584 1456 enim
1622 1418 1773 1464 duplici

84 1480 244 1516 ratione
264 1480 426 1525 corpori
446 1479 647 1526 colligari:
668 1479 731 1516 Ad
746 1479 1131 1516 communicandum
1152 1478 1316 1524 corpori
1335 1477 1636 1524 perfectionem
1657 1487 1774 1515 suam

86 1540 128 1576 et
152 1540 206 1576 ad
232 1540 513 1576 exercendum
539 1548 584 1575 se
610 1539 652 1575 in
678 1548 864 1584 corpore,
891 1540 935 1575 ut
954 1539 1205 1584 assequatur
1224 1537 1524 1583 perfectionem
1545 1547 1663 1573 suam
1683 1546 1774 1582 pro-

86 1598 227 1644 priam.
265 1598 397 1635 Primo
419 1599 510 1635 dico
531 1599 582 1635 ad
603 1598 998 1635 communicandum.
1042 1597 1183 1634 Omnis
1207 1597 1316 1634 enim
1337 1598 1528 1634 creatura
1548 1596 1628 1633 duo
1650 1597 1776 1632 habet

86 1658 127 1694 in
154 1668 201 1695 se
226 1657 268 1694 in
287 1658 463 1695 naturali
483 1657 677 1703 appetitu,
704 1658 862 1694 scilicet
879 1658 1067 1703 recipere
1090 1658 1131 1693 01
1151 1657 1469 1693 communicare.
1509 1656 1592 1692 Sed
1616 1655 1774 1692 formae

34 1725 68 1751 25
86 1717 322 1754 materiales
360 1717 664 1754 communicant
702 1716 892 1753 virtutem
930 1716 1008 1753 sibi
1046 1717 1185 1753 datam
1223 1716 1381 1752 tantum
1420 1716 1461 1751 in
1499 1714 1772 1760 perficiendo;

86 1775 243 1813 formae
263 1776 561 1825 immateriales
587 1777 746 1812 tantum
771 1776 813 1812 in
839 1776 1058 1817 movendo,
1096 1776 1255 1812 formae
1291 1775 1428 1811 medio
1464 1775 1588 1811 modo
1626 1783 1672 1811 se
1707 1774 1776 1810 ha-

86 1837 235 1872 bentes
261 1836 436 1881 utroque
468 1836 602 1877 modo,
641 1835 897 1881 perficiendo
934 1836 975 1872 et
1012 1836 1232 1871 movendo.
1284 1834 1397 1871 Sicut
1432 1834 1553 1880 igitur
1588 1833 1775 1870 naturale

88 1895 154 1931 est
177 1894 335 1932 formae
361 1895 562 1931 materiali
587 1896 784 1940 appetere
809 1894 1026 1940 perficere,
1065 1894 1171 1931 sicut
1205 1894 1466 1931 immateriali
1500 1893 1688 1930 naturale
1715 1894 1777 1928 est

88 1955 286 2000 appetere
311 1964 494 1996 movere,
521 1954 582 1990 sic
607 1955 770 1991 mediae
790 1954 977 1991 naturale
1000 1955 1065 1991 est
1084 1955 1284 1999 appetere
1305 1953 1510 1999 perficere
1533 1954 1574 1989 et
1594 1961 1775 2006 1110γο10.

1799 1000 1860 1033 rol.
1882 1001 1951 1032 301·
1964 999 1982 1031 b

35 2020 69 2046 30
87 2013 269 2050 Naturali
293 2013 415 2060 igitur
441 2014 586 2050 ordine
612 2013 769 2059 appetit
796 2014 900 2050 uniri
927 2013 1100 2059 corpori,
1140 2023 1226 2049 non
1251 2014 1304 2049 ad
1330 2013 1613 2058 recipiendum
1639 2021 1664 2048 a
1691 2020 1777 2048 cor·
1809 2050 1816 2052 s

88 2082 201 2118 pore,
227 2073 302 2109 sed
328 2073 381 2110 ad
407 2074 684 2110 exercendum
711 2083 758 2109 se
784 2073 825 2109 in
853 2082 1026 2118 corpore
1046 2074 1087 2109 et
1106 2073 1158 2109 ad
1180 2072 1565 2109 communicandum
1585 2071 1777 2107 virtutem

90 2141 206 2168 suam
233 2132 406 2177 corpori.
455 2132 575 2169 Unde
602 2132 876 2174 Avicenna,
912 2132 968 2168 VI.
994 2132 1321 2168 Naturaliumss:
1363 2131 1533 2175 „Anima
1566 2140 1665 2177 ergo
1694 2140 1777 2167 non

90 2192 154 2227 est
190 2191 396 2236 impressa
432 2191 474 2227 in
501 2201 686 2237 corpore,
725 2201 804 2228 nec
842 2192 968 2228 habet
1005 2200 1101 2228 esse
1140 2201 1214 2236 per
1250 2200 1411 2236 corpus.
1461 2190 1510 2226 Et
1544 2189 1776 2235 proprietas

89 2249 254 2287 animae
290 2250 332 2286 in
371 2260 545 2296 corpore
585 2252 649 2287 est
686 2250 803 2296 quasi
840 2250 1006 2287 affectio
1045 2251 1251 2296 quaedam
1290 2259 1500 2294 occupans
1540 2258 1633 2285 eam
1668 2248 1778 2284 circa

36 2315 71 2342 35
89 2309 431 2356 gubernationem
458 2310 522 2346 sui
546 2309 730 2355 corporis
758 2311 799 2346 et
825 2319 964 2346 curam
989 2309 1131 2354 ipsius,
1160 2319 1267 2354 quae
1295 2310 1359 2345 est
1383 2309 1425 2344 in
1452 2308 1590 2344 anima
1609 2308 1778 2352 propter

91 2368 272 2405 debitum
298 2368 517 2414 corporis.“
566 2368 615 2404 Et
639 2368 969 2414 Augustinus,
996 2369 1056 2404 De
1082 2368 1330 2411 Quantitate
1355 2367 1582 2403 Animam:
1609 2366 1778 2410 „Anima

91 2428 156 2464 est
190 2427 420 2464 substantia
454 2428 657 2473 quaedam
691 2427 861 2464 rationis
894 2427 1101 2473 particeps
1133 2427 1319 2473 regendo
1352 2425 1517 2471 corpori
1548 2434 1778 2462 accommo-

233 2539 251 2570 1
272 2537 421 2577 habent]
440 2538 575 2571 habeat
648 2539 737 2570 7-8
769 2539 866 2578 quod
885 2538 1056 2570 virtutum
1075 2536 1232 2576 animae]
1252 2537 1424 2569 virtutum
1443 2536 1481 2568 in
1501 2544 1572 2576 quo
1648 2535 1689 2567 16
1715 2536 1779 2567 im-

91 2588 270 2631 pedietur}
297 2591 535 2632 impediretur
630 2591 673 2623 22
700 2590 747 2629 01]
774 2591 913 2623 scilicet
998 2591 1041 2623 25
1067 2588 1292 2628 materiales]
1317 2589 1505 2622 naturales
1595 2589 1638 2621 29
1665 2596 1779 2628 appe-

92 2643 183 2683 tere]
224 2643 262 2682 -1-
297 2644 478 2685 perficere
509 2645 546 2677 et
643 2644 684 2676 31
721 2644 758 2676 et
783 2643 841 2683 ad]
880 2643 933 2676 sic
959 2643 1164 2683 eorriyitur
1189 2643 1231 2675 in
1256 2643 1432 2682 margine
1527 2642 1570 2674 36
1606 2640 1778 2690 debitum]

93 2696 263 2730 delictum

233 2796 247 2820 ¹
272 2798 314 2838 V,
336 2799 367 2831 2.
407 2799 598 2838 „Dicemus
619 2807 707 2839 ergo
730 2798 827 2839 quod
846 2797 1052 2830 substantia
1070 2796 1213 2828 animae
1234 2796 1344 2828 habet
1364 2796 1454 2828 duas
1475 2795 1650 2834 actiones,
1672 2802 1779 2826 unam

96 2876 104 2883 .
121 2876 151 2883 ..
172 2851 446 2892 comparatione
472 2851 637 2893 corporis
658 2877 665 2884 .
687 2877 694 2884 .
717 2876 724 2884 .
745 2851 854 2884 aliam
879 2849 1153 2890 comparatione
1185 2849 1243 2881 sui
1277 2850 1313 2881 et
1346 2848 1607 2889 principiorum
1633 2855 1780 2879 suorum

95 2925 104 2934 .
119 2929 149 2936 ..
171 2904 208 2936 et
231 2905 410 2945 utraeque
435 2905 519 2938 sunt
544 2904 764 2937 dissidentes
789 2912 830 2936 se
857 2904 893 2936 01
918 2900 1192 2944 impedientes.“

234 2955 249 2979 2
274 2957 393 2999 Supra
415 2967 452 2998 p.
478 2958 521 2990 97
547 2957 579 2990 Α
606 2958 637 2990 1.
779 2955 795 2978 3
822 2956 856 2989 L.
883 2965 910 2989 c.
937 2956 1004 2988 sub
1032 2956 1061 2988 1.

236 3009 251 3031 4
275 3019 306 3044 0.
333 3011 375 3043 13
402 3009 474 3050 (PL
493 3011 548 3050 32,
570 3011 660 3043 1048
680 3019 713 3043 11.
735 3008 812 3049 22);
838 3009 901 3042 cfr.
928 3008 980 3040 De
1005 3008 1151 3049 Spiritu
1176 3009 1211 3040 et
1236 3007 1389 3044 Anima,
1416 3015 1446 3039 0.
1468 3007 1484 3038 1
1508 3002 1579 3047 (PL
1600 3005 1654 3044 40,
1677 3003 1778 3043 781);

96 3061 218 3104 Hugo
243 3071 267 3096 a
291 3072 320 3096 s.
346 3063 472 3103 Vict„
497 3062 612 3095 Erud.
639 3062 769 3095 Didas.
795 3062 819 3101 I,
847 3062 877 3094 2.
