2095 3459
214 1239 258 1274 B.
275 1247 314 1274 a.

340 205 405 240 192
844 205 1020 238 Johannis
1048 201 1213 238 Pechami
1241 202 1489 242 Quaestiones.

475 304 506 338 2.
532 303 631 338 Item
664 301 760 338 dicit
784 298 926 338 auctor
951 302 1010 337 De
1040 302 1205 346 Spiritu
1233 305 1270 338 et
1292 303 1462 346 Anima,
1481 302 1573 348 cap.
1602 304 1684 339 181:
1725 303 1833 347 „Non
1859 307 2001 350 posset

337 361 473 397 anima
510 370 604 397 esse
641 361 775 407 imago
811 362 852 396 et
890 361 1107 397 similitudo
1143 361 1228 403 Dei,
1265 362 1299 397 si
1334 361 1474 397 mortis
1509 362 1682 398 termino
1710 363 1998 400 clauderetur.“

338 420 415 456 Sed
444 421 579 465 potest
604 420 688 456 vita
713 420 872 464 privari,
900 420 994 464 quia
1019 421 1156 465 potest
1181 420 1372 461 deficere,
1400 430 1489 456 cum
1517 421 1568 456 sit
1594 423 1790 458 creatura.

1080 502 1258 539 Contra.

629 579 891 616 ostenditur
915 580 1039 624 quod
1064 580 1325 616 universum
1355 580 1410 616 sit
1434 580 1584 625 imago
1612 581 1706 617 Dei.
2019 586 2033 609 5

477 665 505 698 1.
545 662 647 703 Quia
684 663 780 699 dicit
816 662 952 708 Hugo
980 672 1104 707 super
1141 663 1365 698 secundum
1392 664 1609 708 capitulum
1636 664 1858 707 Anyelwae
1883 665 2001 700 Hier-

336 722 545 758 rachiae2:
574 722 682 765 „Non
708 723 870 767 poterat
895 721 1065 758 visibilis
1092 723 1237 757 natura
1262 722 1303 757 in
1322 731 1403 758 uno
1425 722 1560 758 omnia
1581 722 1803 758 continere.
1841 722 1889 758 Et
1907 723 2000 759 ideo

335 781 459 817 multa
484 781 593 817 bona
617 780 726 817 facta
752 782 854 821 sunt,
881 782 924 816 ut
948 791 1072 816 unum
1098 781 1248 816 bonum
1275 791 1474 816 summum
1501 782 1800 817 ostenderent.“
1842 782 1882 818 Si
1904 792 2001 827 ergo

337 839 519 885 perfecta
553 841 617 876 est
652 840 868 885 expressio
907 839 982 875 Dei
1014 849 1089 885 per
1113 840 1421 876 universitatem
1450 842 1739 881 creaturarum,
1773 850 1870 886 crgo
1899 841 2001 877 haec

336 899 579 935 universitas
607 900 668 935 est
693 899 839 945 imago.
2024 902 2055 926 ¹0

476 959 506 994 2.
544 958 642 994 Item
690 958 786 994 dicit
816 958 971 1000 <idem>
1009 958 1049 993 in
1091 958 1347 1002 expositione
1390 958 1507 1002 primi
1554 961 1685 1003 cap-2:
1738 958 1846 1001 „Non
1895 959 2001 994 enim

337 1027 459 1053 unum
480 1017 629 1062 aliquid
651 1027 703 1053 ex
724 1017 926 1053 universis
947 1026 1097 1062 capere
1117 1017 1256 1062 potuit,
1278 1017 1385 1061 quod
1407 1018 1494 1053 erat
1513 1017 1819 1062 pulchritudinis
1841 1019 2000 1053 totum.“

336 1076 383 1112 Et
408 1077 559 1113 idcirco
587 1086 745 1113 summa
769 1077 1024 1121 pulchritudo
1052 1076 1166 1112 varia
1190 1076 1502 1121 participatione
1530 1076 1744 1112 distributa
1770 1078 1833 1112 est
1859 1077 1898 1112 in
1926 1077 2003 1111 sin—

338 1135 452 1181 gulis,
480 1137 522 1171 ut
547 1135 732 1180 perfecta
758 1145 853 1171 esse
880 1137 1026 1180 posset
1051 1135 1168 1171 simul
1195 1135 1234 1171 in
1262 1135 1476 1173 universis.

676 1231 785 1266 Item
813 1230 934 1275 quod
964 1230 1119 1266 anima
1145 1230 1201 1266 sit
1226 1230 1376 1275 imago
1404 1230 1669 1266 ostenditur.
2024 1237 2054 1264 15

482 1316 511 1349 1.
539 1313 642 1354 Quia
660 1313 804 1349 dicitur
823 1313 863 1348 in
885 1313 1032 1349 Genesi
1045 1315 1078 1348 4:
1107 1312 1338 1356 „Faciamus
1358 1313 1563 1348 hominem
1583 1313 1635 1348 ad
1656 1312 1873 1357 imaginem
1894 1313 2003 1348 etc.“.

480 1373 510 1407 2.
537 1372 646 1413 Item,
674 1373 782 1417 quod
801 1373 939 1408 natum
964 1373 1027 1408 est
1046 1372 1134 1408 Deo
1160 1372 1343 1417 perfecte
1368 1372 1484 1412 uniri,
1511 1372 1648 1407 natum
1676 1372 1740 1407 est
1766 1371 1803 1407 ei
1821 1371 2003 1416 perfecte

341 1431 676 1476 consignificati-1⁵.
727 1431 807 1467 Sed
834 1431 971 1467 anima
996 1432 1093 1467 nata
1117 1432 1181 1467 est
1206 1431 1293 1467 Deo
1320 1430 1501 1476 perfecte
1527 1430 1643 1466 uniri.
1693 1430 1797 1475 Ergo
1825 1431 1899 1466 etc.

1033 1525 1301 1570 Responsio.

479 1608 615 1654 Imago
655 1609 718 1644 est
757 1617 957 1653 expressa
992 1607 1221 1644 similitudo.
1279 1608 1388 1644 Talis
1414 1609 1551 1643 autem
1579 1609 1652 1647 est,
1680 1607 1783 1643 sicut
1807 1606 2003 1652 possibile
2023 1612 2056 1638 ‘20

341 1667 404 1702 est
430 1666 468 1701 in
496 1676 650 1712 genere
678 1667 903 1707 creaturae,
940 1667 1129 1702 creatura
1152 1666 1373 1702 rationalis
1424 1665 1539 1706 Quod
1565 1667 1679 1711 patet
1704 1666 2002 1702 considerando

340 1734 430 1761 eam
457 1726 500 1760 ut
524 1735 549 1760 a
574 1725 661 1760 Deo
689 1725 969 1771 egredientem
997 1726 1038 1761 et
1061 1726 1105 1761 ut
1130 1725 1422 1761 subsistentem
1449 1726 1490 1761 et
1514 1726 1557 1761 ut
1581 1725 1893 1771 regredientem.

477 1784 518 1819 In
546 1781 675 1828 primo
702 1783 919 1819 considera
945 1785 1115 1820 naturae
1142 1793 1242 1820 suae
1274 1784 1501 1820 absolutam
1528 1784 1774 1829 dignitatem,
1810 1784 1851 1819 et
1875 1783 1915 1819 in
1942 1792 2004 1819 se-

341 1843 473 1878 cundo
518 1843 789 1878 Personarum
827 1842 1062 1878 Divinarum
1107 1844 1146 1878 et
1183 1843 1455 1887 potentiarum
1498 1843 1659 1878 animae
1697 1842 2003 1887 proportionali—

340 1903 475 1942 tatem,
502 1901 543 1937 in
569 1902 688 1937 tertio
716 1901 933 1937 considera
958 1902 998 1937 in
1025 1902 1160 1937 anima
1185 1901 1261 1937 Dei
1287 1902 1564 1946 capacitatem.
2023 1912 2055 1936 25

478 1960 651 1997 Primum
677 1961 801 2005 patet,
827 1960 922 2005 quia
946 1970 972 1996 a
991 1961 1078 1997 Deo
1099 1969 1172 2006 per
1191 1960 1441 1996 creationem
1465 1960 1682 2006 egrediens
1708 1960 1839 1996 minus
1866 1969 1891 1996 a
1916 1960 2002 1996 Deo

342 2020 570 2065 elongatur,
616 2029 706 2056 cum
742 2020 780 2055 ei
819 2020 861 2055 in
898 2020 1187 2056 essentialibus
1225 2020 1314 2064 plus
1353 2019 1501 2055 ceteris
1541 2018 1825 2055 conformatur.
1886 2019 2002 2054 Unde

340 2079 661 2124 Augustinus,
700 2079 758 2114 De
792 2079 872 2115 Civ.
906 2078 967 2120 ΙΙ.,
1005 2088 1093 2123 cap.
1126 2080 1213 2114 166:
1260 2079 1325 2122 „In
1362 2078 1491 2120 nobis,
1529 2078 1625 2114 licet
1659 2088 1741 2114 non
1778 2078 2003 2123 aequalem,

341 2138 462 2173 immo
498 2138 617 2174 valde
655 2138 883 2179 distantem,
921 2139 1056 2174 tamen
1088 2137 1183 2182 quia
1214 2138 1311 2174 nihil
1337 2137 1389 2178 sit
1414 2138 1454 2173 in
1479 2138 1603 2173 rebus
1629 2147 1654 2173 a
1680 2137 1767 2173 Deo
1793 2136 1910 2172 factis
1937 2145 2004 2172 na-

342 2198 432 2233 tura
456 2197 734 2242 propinquius,
769 2197 987 2243 imaginem
1014 2197 1089 2232 Dei
1114 2197 1408 2242 agnoscimus.“
1459 2197 1604 2239 <Item>
1630 2196 1670 2232 in
1696 2197 1798 2232 libro
1827 2196 1885 2231 De
1913 2195 2004 2240 Spi-
2023 2205 2057 2230 30

342 2256 428 2291 ritu
454 2258 491 2292 et
516 2256 724 2292 Animffl:
754 2256 1015 2300 „Immortalis
1042 2257 1105 2291 est
1129 2256 1276 2298 anima,
1303 2265 1355 2292 ne
1381 2265 1407 2291 a
1432 2255 1628 2291 creatoris
1656 2255 1718 2291 sui
1745 2254 2004 2291 similitudine

343 2314 582 2359 discrepare
609 2314 827 2350 videatur.“

483 2373 711 2409 Secundum
737 2373 857 2409 etiam
877 2374 1001 2418 patet,
1029 2373 1123 2418 quia
1143 2373 1238 2409 dicit
1257 2373 1397 2418 Augu
1410 2373 1589 2415 stinus,
1610 2373 1669 2408 De
1694 2373 1800 2408 Trin.
1821 2372 1861 2408 in
1880 2371 2005 2407 fine⁸:

348 2432 580 2475 „Quaedam
614 2432 749 2478 imago
784 2432 989 2468 Trinitatis
1026 2432 1116 2477 ipsa
1150 2441 1266 2468 mens
1294 2433 1334 2468 et
1360 2432 1502 2468 notitia
1522 2432 1620 2473 eius,
1647 2432 1754 2476 quod
1782 2432 1845 2467 est
1870 2431 2006 2476 proles

345 2492 444 2533 eius,
472 2493 512 2528 et
536 2501 651 2528 amor
675 2492 852 2528 tertius.“
2024 2504 2056 2528 35

483 2551 597 2587 Patet
623 2551 745 2587 etiam
771 2551 943 2592 tertium,
981 2551 1021 2586 in
1058 2560 1138 2596 quo
1174 2550 1368 2587 convenit
1401 2551 1504 2586 ratio
1541 2550 1691 2595 plenae
1726 2548 1925 2594 imaginis,
1963 2547 2003 2583 in

344 2610 555 2646 redeundo
595 2610 751 2646 scilicet
787 2610 827 2645 in
866 2610 1006 2646 Deum.
1067 2610 1186 2646 Unde
1224 2610 1545 2655 Augustinus,
1595 2609 1652 2644 De
1695 2608 1849 2643 Trin.⁴-‘:
1896 2607 2003 2649 „Non

486 2733 502 2763 1
532 2731 586 2771 18]
612 2732 655 2764 III
751 2732 769 2764 6
796 2730 1003 2770 secundum]
1029 2732 1170 2763 tertium

485 2843 494 2865 ¹
523 2844 578 2876 PL
603 2844 656 2883 40,
684 2844 766 2881 793;
793 2844 855 2876 cfr.
881 2845 1002 2876 notam
1028 2844 1059 2879 6,
1086 2853 1119 2884 p.
1148 2843 1200 2875 12.

484 2896 498 2918 2
523 2896 583 2929 PL
610 2898 686 2936 175,
713 2897 780 2929 793
806 2897 846 2929 A.
987 2896 1002 2918 3
1027 2897 1062 2928 L.
1089 2905 1118 2928 c.
1147 2897 1223 2934 175,
1250 2897 1327 2928 943.
1469 2894 1483 2916 4
1511 2896 1596 2928 Gen.
1626 2895 1649 2933 I,
1676 2895 1729 2926 26.

485 2949 499 2972 5
524 2950 620 2982 Idem
647 2951 895 2991 argumentum
923 2950 1019 2990 apud
1043 2949 1215 2988 Bonav.,
1245 2949 1310 2989 Op.
1339 2957 1436 2980 omn.
1464 2948 1502 2987 ΙΙ,
1529 2948 1595 2980 393
1621 2946 1695 2987 (3.).

485 3001 500 3023 ‘³
524 3003 576 3035 De
605 3003 701 3035 T‘rin.
729 3003 782 3041 XI,
810 3004 828 3034 5
855 3001 925 3041 (PL
951 3003 1004 3041 42,
1032 3003 1095 3034 991
1124 3011 1157 3034 n.
1184 3000 1230 3041 9).
1372 3000 1386 3022 7
1412 3001 1499 3041 Cap.
1528 3001 1570 3033 18
1596 2999 1666 3039 (PL
1691 3001 1744 3039 40,
1772 2998 1863 3039 793).

487 3053 501 3077 S
526 3056 577 3089 lX.
608 3056 647 3087 12
674 3054 744 3093 (PL
771 3056 823 3093 42,
851 3054 942 3093 972).
1085 3053 1099 3075 ⁹
1124 3054 1210 3092 XIV,
1240 3055 1279 3086 12
1307 3053 1377 3091 (PL
1403 3054 1456 3090 42,
1485 3052 1599 3092 1048).
