2095 3459
98 312 159 343 fol.
182 311 228 343 36
236 314 254 333 r
265 319 289 342 a

305 203 370 238 168
812 204 833 236 J
835 203 988 236 ohannis
1013 203 1182 236 Pechami
1208 203 1458 240 Quaestiones.

424 345 430 348 ξ
447 299 615 336 Contra:
644 299 856 344 Seraphim
869 298 981 335 videt
995 299 1125 335 Deum
1146 300 1221 335 sub
1240 299 1399 335 ratione
1418 300 1432 342 ΙΙ
1449 299 1658 344 potentiae
1680 301 1720 335 et
1740 299 1966 344 sapientiae

308 361 347 395 et
374 360 432 395 sic
458 359 509 394 de
535 358 624 394 aliis
650 357 829 393 infinitis.
873 357 977 403 Ergo
1000 357 1034 393 si
1053 357 1165 394 videt
1185 367 1278 393 eum
1298 358 1372 393 sub
1393 357 1528 402 aliqua
1547 358 1718 400 ratIone,
1744 358 1855 394 videt
1875 368 1968 394 eum

308 418 383 454 sub
410 417 520 453 omni
544 417 715 457 ratione,
743 417 817 452 sub
845 425 925 460 qua
950 415 1121 452 visibilis
1149 416 1221 452 est.
1270 415 1375 461 Ergo
1404 416 1443 452 et
1469 416 1656 452 totaliter.

447 475 488 512 Si
514 475 609 511 dicit
635 474 908 511 differentiam
921 477 1065 516 <esse>
1079 484 1104 510 a
1123 476 1238 520 parte
1253 474 1434 510 visibilis.
1449 497 1492 501 —
1508 474 1675 511 Contra:
1703 474 1744 511 Si
1765 475 1970 520 seraphim

308 534 419 570 videt
444 534 574 570 Deum
600 534 723 576 <sub>
750 533 993 578 quibusdam
1016 532 1242 569 rationibus
1270 534 1310 569 et
1334 535 1464 575 <non>
1500 534 1574 569 sub
1607 533 1697 569 aliis
1731 533 1968 575 rationibus,
1989 542 2005 567 5

309 602 406 639 ergo
432 592 523 638 plus
550 591 741 628 differunt
766 591 947 627 rationes
974 591 1199 627 invisibiles
1226 592 1277 627 ab
1302 591 1531 643 aliisquam
1549 591 1641 628 illae
1661 591 1766 628 inter
1787 601 1844 628 se.
1889 592 1970 628 Sed

308 652 387 687 hoc
422 661 505 687 non
540 651 677 695 potest
712 660 807 686 esse
844 650 932 686 sine
969 649 1200 685 differentia
1232 650 1343 686 reali.
1392 649 1497 695 Ergo
1530 650 1571 686 in
1602 650 1689 686 Deo
1716 650 1757 686 in
1784 660 1876 687 esse
1903 660 1971 686 na-

310 710 505 746 turalibus
533 710 595 745 est
621 709 853 745 differentia
878 708 1013 745 realis.
1064 708 1180 748 Quod
1206 708 1351 744 falsum
1379 709 1452 744 est.
1500 708 1605 754 Ergo
1633 710 1672 746 et
1697 709 1879 754 primum.

447 770 479 804 5.
505 768 792 813 Respondetur
818 767 927 812 quod
954 766 1159 812 seraphim
1185 767 1296 803 videt
1321 767 1452 804 Deum
1484 768 1558 803 sub
1589 767 1714 803 finitis
1747 768 1970 804 rationibus

311 828 352 863 et
377 837 459 863 non
480 827 554 863 sub
575 826 753 862 infinitis.
790 826 838 862 Et
857 826 935 862 hoc
955 826 1121 871 propter
1140 825 1471 862 insufficientiam
1490 826 1678 868 videntis,
1704 836 1787 862 non
1806 828 1973 871 propter
1994 833 2025 857 10

312 885 583 922 differentiam
608 895 633 920 a
658 886 773 930 parte
799 885 859 921 rei
884 885 1010 920 visae.
1062 884 1173 920 Sicut
1199 894 1289 920 cum
1309 884 1445 930 plures
1466 884 1655 921 videntes
1676 885 1816 921 vident
1835 895 1974 930 super-

310 945 444 980 ficiem
471 944 692 980 coloratam
719 944 856 979 colore
882 943 1057 984 intenso,
1084 943 1189 979 forte
1215 953 1320 979 unus
1348 943 1489 979 oculus
1516 943 1628 980 videt
1654 953 1745 980 eam
1770 944 1972 989 limpidius

311 1013 431 1048 quam
457 1002 575 1045 alter;
603 1003 642 1038 et
668 1003 806 1038 tamen
834 1002 1001 1047 quilibet
1026 1001 1139 1038 videt
1164 1002 1301 1038 totam.
1940 1002 1942 1004 '

449 1061 617 1097 Contra:
656 1061 805 1097 Oculus
837 1060 952 1096 fortis
978 1061 1091 1097 videt
1122 1060 1251 1106 magis
1285 1060 1449 1106 limpide
1478 1060 1657 1097 colorem
1682 1061 1828 1097 fortem
1854 1070 1974 1106 quam

311 1121 423 1156 alter.
472 1119 520 1155 Et
545 1120 673 1165 magis
700 1119 863 1164 limpide
891 1119 1030 1155 videre
1058 1120 1121 1155 est
1147 1119 1323 1164 aliquam
1355 1119 1643 1156 excellentiam
1675 1119 1823 1156 coloris
1858 1119 1975 1156 attin·
1997 1126 2028 1151 15

311 1188 431 1224 geres
448 1188 568 1223 quam
594 1178 765 1214 debilior
791 1178 932 1214 oculus
958 1188 1042 1214 non
1068 1178 1237 1224 attingit.
1286 1177 1357 1213 Illa
1382 1179 1518 1214 autem
1540 1178 1784 1214 excellentia
1809 1188 1834 1214 a
1859 1179 1974 1223 parte

311 1238 371 1274 rei
398 1237 531 1273 differt
557 1247 581 1273 a
605 1237 777 1277 ratione,
813 1237 888 1273 sub
921 1246 1001 1281 qua
1033 1236 1174 1272 oculus
1202 1236 1373 1273 debilior
1398 1237 1557 1283 attingit
1583 1237 1758 1273 eundem
1786 1237 1974 1279 colorem,

312 1297 426 1332 iuxta
451 1296 559 1341 quod
586 1295 753 1341 quilibet
773 1296 884 1332 color
904 1296 1042 1331 movet
1062 1295 1190 1341 magis
1209 1295 1275 1331 vel
1294 1295 1427 1331 minus
1449 1296 1673 1331 secundum
1693 1296 1855 1332 modum
1875 1296 1975 1332 lucis

314 1355 504 1391 caelestis
532 1364 655 1400 super
680 1354 823 1399 ipsum.
873 1354 977 1399 Ergo
1005 1354 1151 1390 eadem
1176 1354 1346 1395 ratione,
1374 1354 1408 1390 si
1434 1354 1544 1390 Deus
1571 1354 1700 1400 magis
1732 1354 1895 1399 limpide
1921 1354 1977 1391 vi—

315 1415 432 1450 detur
457 1414 509 1449 ab
536 1423 616 1449 uno
644 1423 764 1458 quam
790 1412 880 1454 alio,
908 1412 1139 1449 differentia
1165 1413 1228 1448 est
1254 1422 1278 1449 a
1304 1413 1419 1457 parte
1445 1413 1506 1449 rei
1531 1413 1658 1449 visae.
1996 1418 2029 1443 20

445 1474 479 1508 6.
493 1472 592 1508 Item
606 1473 695 1517 plus
711 1472 833 1508 diStat
846 1471 998 1508 veritas
1013 1471 1195 1508 increata
1208 1472 1259 1507 ab
1274 1471 1482 1507 intellectu
1496 1471 1675 1517 glorioso
1691 1481 1811 1517 quam
1824 1472 1976 1508 veritas

317 1532 454 1567 creata
479 1541 504 1567 a
529 1541 611 1567 non
638 1530 828 1576 glorioso.
888 1530 969 1566 Sed
994 1530 1223 1566 intellectus
1251 1540 1333 1566 non
1359 1530 1561 1576 gloriosus
1588 1530 1739 1566 nullam
1764 1531 1978 1567 veritatem

316 1591 437 1635 plene
463 1589 595 1626 lucide
621 1589 741 1626 videt.
791 1589 895 1634 Ergo
922 1599 1000 1625 nec
1025 1589 1255 1625 intellectus
1281 1589 1482 1634 gloriosus
1503 1589 1718 1626 veritatem
1742 1589 1977 1626 increatam.

1060 1665 1238 1702 Contra.

458 1733 488 1767 1.
514 1731 543 1766 Ι.
557 1732 649 1768 Joh.
663 1732 696 1773 3,
711 1732 789 1774 <2>.
817 1730 1076 1775 „Videbimus
1091 1740 1183 1767 eum
1199 1731 1301 1767 sicut
1315 1731 1411 1767 est.“
1427 1730 1611 1767 GLOSSalt
1632 1730 1697 1775 „In
1711 1731 1801 1776 ipsa
1814 1731 1976 1767 deitatis
1997 1741 2031 1766 25

321 1800 419 1826 suae
441 1790 668 1826 substantia
688 1790 1051 1835 contemplabimus
1074 1791 1198 1826 eum.“
1227 1789 1343 1830 Quod
1363 1790 1404 1825 in
1424 1790 1500 1826 hac
1513 1789 1596 1826 vita
1615 1789 1713 1825 nulli
1732 1789 1978 1826 conceditur.

457 1850 489 1884 2.
515 1843 614 1885 Item
640 1849 790 1885 nullum
816 1849 1001 1885 naturale
1027 1848 1274 1885 desiderium
1301 1849 1363 1884 est
1388 1848 1547 1884 frustra.
1598 1848 1679 1885 Sed
1711 1848 1877 1893 quilibet
1911 1858 1980 1893 ap-

322 1908 421 1953 petit
439 1908 681 1944 ‘naturaliter
707 1908 846 1944 videre
873 1907 1012 1943 Deum.
1063 1906 1239 1947 Quilibet
1265 1907 1372 1943 enim
1398 1907 1552 1952 appetit
1577 1907 1814 1943 naturaliter
1838 1907 1978 1943 videre

321 1967 534 2003 veritatem
559 1967 680 2012 plene
707 1967 747 2003 et
771 1976 845 2012 per
872 1976 1133 2011 consequens
1158 1966 1199 2002 in
1226 1976 1299 2002 suo
1324 1966 1449 2002 fonte.
1497 1966 1602 2012 Ergo
1629 1966 1825 2011 possibile
1852 1967 1916 2002 est
1941 1966 1980 2002 ei

322 2027 371 2062 ad
398 2027 503 2061 hanc
529 2025 802 2071 cognitionem
827 2025 1056 2070 pervenire.
1997 2034 2032 2059 30

459 2086 491 2121 3.
516 2084 616 2120 Item
641 2084 800 2120 videtur
826 2085 933 2129 quod
960 2084 1127 2130 quilibet
1158 2084 1393 2120 naturaliter
1418 2084 1554 2120 videat
1579 2083 1720 2124 Deum,
1758 2083 1852 2128 quia
1886 2083 1981 2119 dicit

324 2143 639 2189 Augustinus,
666 2143 710 2179 X.
736 2143 795 2179 De
826 2143 978 2179 Trin.2:
1006 2143 1148 2187 „Videt
1172 2143 1308 2179 anima
1328 2144 1527 2187 quaedam
1547 2143 1793 2179 intrinsecus
1813 2142 1980 2187 pulchra

323 2203 362 2238 in
389 2202 677 2247 praestantiori
702 2203 857 2244 natura,
884 2212 988 2247 quae
1015 2202 1125 2238 Deus
1151 2202 1246 2238 est.“

461 2262 492 2297 4.
518 2261 617 2297 Item
642 2260 707 2296 IX.
733 2261 792 2297 De
823 2261 956 2297 Trina*
982 2260 1094 2297 dicit:
1123 2260 1282 2305 „Itaque
1309 2261 1359 2296 de
1385 2260 1474 2296 aliis
1494 2260 1603 2296 veris
1624 2261 1847 2296 secundum
1873 2260 1980 2295 illam

326 2320 547 2361 veritatem,
586 2319 739 2356 scilicet
776 2320 1006 2361 aeternam,
1045 2319 1269 2355 iudicamus
1307 2320 1348 2355 et
1384 2319 1491 2355 illam
1530 2319 1732 2355 cernimus
1769 2319 1978 2355 rationalis
1999 2332 2032 2357 35

325 2379 471 2415 mentiS
497 2378 673 2414 intuitu.“

462 2439 493 2473 5.
520 2438 618 2473 Item
640 2438 727 2473 XII.
747 2438 805 2474 De
831 2438 983 2474 Trin.4:
1012 2437 1258 2481 „Iudicamus
1279 2437 1330 2474 de
1350 2437 1438 2473 istis
1459 2437 1736 2482 corporalibus
1757 2437 1981 2473 secundum

324 2497 504 2533 rationes
530 2496 807 2542 incorporales
835 2496 1117 2541 sempiternas,
1145 2505 1249 2541 quae
1271 2496 1305 2532 si
1324 2506 1407 2532 non
1428 2505 1551 2540 supra
1569 2496 1748 2532 mentem
1764 2496 1980 2531 humanam

327 2558 475 2598 essent,
500 2555 849 2592 incommutabiles
876 2565 958 2592 non
985 2556 1158 2592 essent.“

463 2615 524 2651 Ex
548 2615 609 2651 his
636 2615 815 2661 arguitur
840 2615 948 2660 quod
973 2615 1110 2651 lumen
1141 2614 1259 2656 idem,
1296 2614 1337 2650 in
1372 2624 1451 2659 quo
1486 2613 1811 2650 intellectualiter
1846 2612 1981 2649 omnia
2000 2629 2033 2654 40

327 2675 540 2717 cernimus,
565 2674 675 2710 Deus
703 2675 776 2710 est.
823 2674 902 2710 Sed
928 2674 1024 2710 illud
1049 2673 1244 2710 videmus.
1287 2673 1414 2719 <Ergo
1441 2674 1567 2715 etc.>5

466 2762 484 2794 3
510 2762 712 2794 infinitis—
727 2761 876 2794 visibilis
903 2759 969 2800 est]
997 2761 1092 2802 Ergo
1117 2761 1215 2793 videt
1240 2769 1321 2793 eum
1346 2760 1413 2793 sub
1439 2760 1533 2793 omni
1557 2760 1696 2792 ratione
1723 2760 1788 2792 sub
1810 2768 1881 2799 qua
1899 2759 1982 2791 visi-

327 2815 407 2847 bilis
435 2816 499 2847 est.
549 2815 643 2856 Ergo
670 2814 700 2847 si
726 2814 824 2846 videt
850 2823 930 2846 eum
956 2814 1022 2846 sub
1049 2814 1171 2854 aliqua
1195 2813 1345 2852 ratione,
1381 2812 1479 2845 videt
1510 2821 1590 2845 eum
1621 2812 1687 2845 sub
1713 2812 1808 2845 omni
1832 2812 1981 2850 ratione,

328 2876 415 2909 ergo
442 2869 477 2900 et
501 2868 667 2900 totaliter.
765 2868 806 2899 12
833 2866 937 2906 forte]
964 2867 1090 2899 fortius
1185 2866 1228 2898 32
1253 2865 1296 2904 X]
1322 2865 1368 2898 IV
1451 2866 1493 2898 37
1518 2864 1591 2904 XII]
1619 2866 1660 2897 13
1749 2865 1792 2897 38
1819 2873 1912 2905 quae
1938 2862 1982 2902 sil

330 2922 389 2962 qui
484 2922 524 2954 41
551 2920 648 2960 illud]
674 2921 768 2953 idem

468 3004 480 3026 1
505 3005 579 3037 Nec
605 3005 849 3042 ordinaria,
875 3012 942 3036 nec
965 3003 1286 3036 interlinearis.
1382 3001 1396 3023 2
1421 3002 1461 3041 X,
1489 3003 1508 3034 5
1533 3000 1604 3041 (PL
1630 3001 1683 3040 42,
1704 3002 1770 3034 977
1795 3011 1828 3033 n.
1855 3000 1902 3040 7).

467 3056 481 3078 3
506 3058 561 3097 lx,
588 3058 607 3090 6
633 3056 703 3096 (PL
730 3057 783 3094 42,
810 3058 886 3095 967,
913 3066 945 3088 n.
975 3052 1041 3097 11).
1183 3053 1197 3076 4
1222 3055 1291 3093 XII,
1318 3055 1337 3087 2
1363 3053 1434 3094 (PL
1459 3054 1512 3093 42,
1539 3054 1604 3086 999
1630 3063 1663 3086 n.
1691 3052 1735 3093 2).

469 3110 483 3132 5
508 3111 796 3151 Responsionem
821 3110 856 3143 et
882 3110 1095 3142 solutionem
1120 3108 1340 3142 obiectorum
1364 3107 1527 3140 invenies
1552 3116 1635 3148 pag.
1664 3107 1728 3139 174
1754 3116 1782 3139 s.
