2095 3459
798 210 970 249 Quaestio
1000 210 1068 244 XX.
1722 203 1789 241 163

238 308 290 342 11.
320 307 418 343 Item
445 309 677 345 ostenditur
704 309 754 345 de
782 309 943 349 olfactu,
971 310 1038 354 qui
1065 309 1109 344 fit
1135 308 1275 344 fumali
1304 308 1614 353 evaporatione.

238 368 290 402 12.
320 367 418 403 Item
461 369 691 404 ostenditur
736 369 787 404 ‹lc
834 370 958 407 tactu.
999 368 1093 413 quia
1132 369 1263 404 tactus
1304 368 1482 403 mutatur
1521 367 1785 412 qualitatibus

96 427 240 463 activis
269 428 310 463 et
336 427 525 472 passivis,
553 437 659 472 quae
688 437 769 463 non
797 429 916 464 erunt
942 428 981 463 in
1009 428 1167 464 actibus
1196 427 1281 462 suis
1308 427 1373 462 ibi.
1423 426 1529 472 Ergo
1559 427 1634 462 etc.

800 511 1070 556 Responsio.
1811 508 1853 544 C.

61 585 77 609 ⁵
237 582 298 618 Ad
326 582 446 618 istam
474 583 761 627 quaestionem
788 583 1024 627 respondeo
1052 582 1195 618 dicens
1228 582 1284 617 ibi
1317 590 1463 617 omnes
1502 590 1652 617 sensus
1690 590 1786 616 esse

96 642 136 677 in
163 642 256 677 actu
284 651 371 683 suo,
399 641 474 677 sed
500 641 580 677 alio
609 642 730 678 modo
758 651 881 686 quam
908 641 948 677 in
975 642 1051 677 hac
1078 641 1172 677 vita.

237 700 324 737 Hoc
359 702 496 737 autem
533 702 647 746 patet
684 701 753 737 810.
804 701 910 737 Dicit
943 701 1052 737 enim
1088 700 1362 741 Avicenna,
1397 699 1454 736 VI.
1482 699 1786 735 Naturaliuml

98 761 206 805 quod
234 755 429 806 obligatio
456 760 620 797 animae
648 770 738 797 cum
766 770 940 806 corpore
969 761 1032 796 est
1058 760 1228 805 propter
1253 760 1343 801 hoc,
1381 760 1425 795 ut
1460 758 1698 804 perficiatur
1730 759 1788 794 in-

97 819 285 856 tellectus
314 820 657 865 contemplativus
686 821 726 856 et
752 819 1033 856 sanctificetur
1060 820 1101 855 et
1127 819 1358 855 mundetur.
1409 818 1453 854 In
1474 827 1650 863 corpore
1678 818 1787 854 enim

46 880 78 905 10
98 880 195 915 nata
234 880 297 915 est
335 879 551 924 acquirere
589 879 727 915 anima
765 879 927 915 habitus
956 878 1202 924 cognitionis
1230 878 1344 923 (quia
1369 878 1461 914 visu
1488 878 1530 913 et
1555 877 1697 914 auditu
1722 887 1788 913 ac-

98 938 267 983 quiritur
288 938 518 983 disciplina)
534 939 575 974 et
595 938 756 974 habitus
777 938 881 974 alios
902 938 1094 974 virtutum
1116 938 1345 973 secundum
1365 937 1648 982 philosophos.
1688 936 1788 972 Item

99 998 325 1034 secundum
352 997 570 1043 theologos
597 1007 671 1042 per
696 997 886 1034 meritum
912 997 954 1033 in
980 996 1220 1033 difficultate
1252 996 1441 1042 corporis
1474 995 1788 1032 administrandi

99 1057 289 1093 dilatatur
316 1056 524 1102 capacitas
551 1056 715 1093 animae
742 1057 783 1093 et
808 1056 1042 1093 habilitatur
1068 1057 1120 1092 ad
1147 1056 1319 1102 gloriam
1346 1055 1599 1101 ampliorem.

239 1115 343 1157 Quia
368 1116 489 1162 igitur
513 1117 684 1161 propter
709 1116 808 1152 nihil
834 1116 916 1152 tale
944 1116 1020 1152 erit
1047 1125 1196 1160 corpus
1225 1114 1510 1151 necessarium
1546 1114 1710 1150 animae
1746 1114 1787 1150 in

50 1176 80 1201 ¹5
100 1175 229 1220 gloria
254 1176 438 1217 aeterna,
477 1175 638 1212 videtur
674 1176 783 1220 quod
819 1175 1034 1220 supposito
1068 1174 1243 1211 naturali
1270 1174 1478 1210 desiderio
1506 1174 1692 1219 corporis
1719 1174 1789 1209 ad-

99 1234 356 1270 ministrandi
381 1235 549 1280 propter
575 1235 654 1271 hoc
680 1244 829 1280 corpus
856 1235 1020 1271 animae
1046 1234 1253 1275 reddatur,
1292 1235 1336 1269 ut
1366 1233 1504 1270 anima
1536 1233 1577 1268 in
1611 1242 1787 1278 corpore

99 1294 337 1330 delectetur.
389 1293 507 1335 Quod
532 1294 753 1339 praecipue
781 1295 845 1330 est
870 1294 1078 1330 mediante
1105 1303 1243 1330 sensu.

241 1352 436 1389 Concedo
462 1353 584 1399 igitur
610 1354 719 1399 quod
756 1363 901 1389 omnes
939 1363 1100 1395 80118118,
1138 1354 1221 1389 tam
1255 1352 1473 1388 interiores
1513 1361 1634 1397 quam
1675 1353 1788 1387 exte-

100 1411 241 1452 riores,
267 1411 324 1448 ibi
351 1412 470 1448 erunt
495 1412 536 1447 in
562 1412 666 1453 actu,
693 1411 761 1457 qui
787 1411 1032 1457 perfectioni
1057 1411 1214 1458 gloriae
1241 1421 1325 1447 non
1350 1411 1594 1457 repugnant.

53 1507 86 1533 20
696 1494 867 1531 Solutio
896 1494 1197 1531 obiectorum.
1815 1498 1864 1534 D,

242 1567 272 1601 1.
299 1566 550 1611 Respondeo
576 1565 697 1612 igitur
723 1566 776 1602 ad
801 1566 975 1611 primum
1001 1566 1288 1612 argumentum
1315 1565 1357 1601 in
1383 1565 1644 1607 contrarium,
1678 1566 1788 1610 quod

103 1635 252 1661 sensus
280 1626 344 1661 est
368 1625 537 1670 propter
562 1625 879 1670 acquisitionem
906 1625 1107 1661 scientiae
1134 1625 1203 1661 vel
1241 1624 1373 1670 magis
1409 1624 1570 1660 virtutis
1604 1623 1645 1660 in
1679 1624 1788 1660 statu

102 1684 246 1720 meriti.
297 1684 378 1721 Sed
407 1684 530 1720 etiam
557 1685 621 1720 est
646 1685 814 1729 propter
839 1684 1119 1730 indigentiam,
1146 1693 1231 1720 non
1257 1683 1489 1729 poenalem,
1517 1683 1593 1719 sed
1619 1684 1788 1728 propter

103 1743 419 1780 delectationem
447 1743 863 1788 superabundantem.

48 1809 83 1834 25
242 1803 274 1838 2.
300 1802 363 1838 Ad
397 1802 623 1838 secundum
656 1802 874 1839 dicendum
910 1803 1017 1847 quod
1057 1802 1097 1838 in
1136 1802 1305 1838 miseria
1340 1801 1616 1846 corruptionis
1652 1802 1787 1838 carnis

102 1860 354 1898 intellectum
381 1861 498 1897 obrui
524 1862 565 1898 et
590 1862 642 1898 ab
670 1861 980 1907 operationibus
1007 1861 1353 1898 intellectualibus
1380 1860 1570 1905 impediri
1604 1870 1688 1896 non
1725 1862 1790 1897 est

102 1921 230 1963 <nisi>
264 1921 433 1966 propter
472 1920 818 1966 <im->potentiam
854 1921 1096 1963 intellectus,
1136 1920 1204 1965 qui
1243 1920 1334 1956 sine
1373 1929 1501 1956 sensu
1538 1929 1666 1965 agere
1704 1929 1788 1956 non

103 1980 242 2026 potest
266 1980 308 2016 in
334 1989 459 2017 carne
486 1980 747 2025 corruptibili.
799 1979 956 2016 Sensus
983 1980 1122 2016 autem
1147 1979 1229 2015 ibi2
1254 1979 1434 2016 totaliter
1460 1978 1645 2015 obruitur
1670 1988 1695 2015 a
1721 1978 1789 2015 de-

103 2039 334 2075 lectationis
369 2039 628 2080 excellentia,
668 2039 709 2075 et
739 2039 834 2075 ideo
868 2040 1005 2075 cessat
1030 2038 1087 2075 ibi
1112 2038 1245 2074 omnis
1271 2038 1457 2083 operatio
1486 2037 1787 2079 intellectualis,

52 2109 85 2134 30
105 2097 209 2134 sicut
234 2097 275 2133 in
311 2105 457 2134 somno
492 2098 560 2135 vel
593 2098 635 2134 in
669 2098 876 2143 phrenesi.
926 2097 996 2133 Illa
1035 2097 1144 2134 enim
1180 2097 1307 2134 foeda
1343 2096 1562 2134 delectatio
1599 2096 1789 2141 proxima

105 2157 169 2192 est
193 2156 400 2202 phrenesi,
436 2157 540 2193 810111
565 2157 679 2202 patet
705 2166 758 2193 ex
783 2157 844 2193 ira
869 2156 1191 2202 superveniente
1218 2156 1274 2192 illi
1300 2156 1576 2192 delectationi.
1630 2155 1712 2191 Sed
1747 2156 1788 2192 in

104 2215 234 2260 gloria
258 2215 491 2252 intellectus
516 2216 685 2252 habebit
710 2216 987 2252 omnimodam
1021 2215 1321 2265 perfectionem
1357 2215 1436 2251 sibi
1467 2214 1787 2251 convenientem

106 2274 146 2309 et
172 2284 322 2311 sensus
349 2274 545 2316 similiter,
568 2275 625 2311 ita
651 2275 759 2320 quod
785 2275 932 2311 neuter
958 2274 1037 2311 alio
1064 2274 1295 2319 impeditur.

245 2334 277 2369 3.
304 2333 367 2370 Ad
393 2334 556 2370 tertium
582 2334 800 2370 dicendum
826 2334 937 2379 quod
963 2333 1256 2378 contemplatio
1283 2333 1360 2369 Dei
1384 2332 1490 2369 ratio
1518 2333 1581 2368 est
1608 2332 1788 2368 omnium

53 2403 86 2428 35
105 2391 276 2427 aliarum
302 2392 587 2437 operationum
614 2393 656 2429 et
680 2392 774 2429 ideo
800 2392 954 2429 nullam
978 2392 1158 2437 impedit,
1196 2391 1443 2437 praesertim
1479 2391 1576 2436 quia
1611 2391 1789 2427 delectat

106 2450 146 2486 et
171 2450 332 2495 perficit
356 2451 629 2488 intentionem
654 2451 827 2488 animae.

244 2511 277 2545 4.
303 2509 366 2546 Ad
391 2510 565 2555 primum
592 2510 797 2547 obiectum
823 2510 875 2546 de
895 2510 987 2546 visu
1013 2510 1233 2546 dicendum
1259 2510 1369 2555 quod
1389 2509 1445 2545 ibi
1466 2509 1542 2545 erit
1561 2509 1676 2545 visus
1697 2508 1787 2544 sine

107 2568 218 2604 omni
244 2578 384 2605 errore
411 2569 453 2605 et
478 2569 735 2614 deceptione.
785 2569 844 2605 Ibi
870 2569 978 2605 enim
1003 2568 1117 2604 visus
1138 2569 1267 2604 totum
1285 2568 1444 2604 radium
1464 2567 1789 2612 comprehendet

107 2627 147 2662 et
171 2627 403 2664 accidentia
427 2627 540 2664 radii.
578 2627 626 2664 Et
651 2627 745 2664 ideo
772 2627 960 2672 quamvis
986 2627 1042 2663 ibi
1067 2628 1212 2672 posset
1239 2636 1336 2663 esse
1361 2625 1537 2664 reflexio
1565 2625 1684 2662 oculo
1704 2626 1788 2672 glo-

55 2697 88 2722 40
105 2685 217 2721 11080
236 2688 250 2728 ΙΙ
268 2695 293 2722 a
318 2686 510 2731 quattuor
534 2686 696 2731 punctis
724 2686 881 2731 speculi
907 2685 1090 2727 concavi,
1117 2686 1256 2721 tamen
1276 2686 1389 2722 videt
1410 2685 1553 2722 oculus
1580 2685 1786 2731 gloriosus
1808 2691 1871 2723 rol.
1892 2691 1996 2723 35va

249 2802 266 2834 1
295 2800 570 2842 evaporatione]
600 2801 692 2834 haec
718 2802 770 2834 11.
797 2801 986 2833 instantia
1009 2801 1051 2833 in
1082 2801 1257 2840 maraine
1289 2800 1469 2841 apposita
1499 2801 1554 2832 est
1673 2800 1692 2832 4
1719 2800 1789 2832 Re-

108 2853 271 2894 sponsio]
292 2854 448 2887 additur
465 2854 508 2888 171
526 2863 648 2894 mary.
730 2854 769 2886 11
797 2853 955 2892 habitus]
975 2854 1119 2886 habitus
1138 2853 1175 2885 in
1255 2853 1298 2885 23
1319 2852 1403 2892 Sed]
1423 2853 1480 2885 hic
1563 2853 1607 2885 40
1630 2852 1786 2893 punctis]

108 2907 180 2946 ptis
251 2906 363 2947 videt]
388 2908 532 2940 videtur

249 3023 262 3046 1
287 3025 358 3057 Cir.
385 3034 498 3066 supra
523 3034 607 3066 pag.
636 3026 678 3058 91
704 3025 777 3058 not.
805 3026 836 3058 2.

247 3076 263 3099 2
288 3077 370 3110 Scil.
396 3078 433 3110 in
459 3078 541 3110 actu
566 3078 765 3119 coniugam
791 3078 874 3110 vide
901 3086 1013 3117 supra
1037 3086 1122 3118 pag.
1151 3077 1227 3115 162,
1257 3077 1310 3108 18.

1604 3134 1674 3166 11·
