2095 3459
821 195 995 232 Quaestio
1025 198 1061 231 V.
1743 201 1787 239 (57

92 285 217 322 tatem
239 285 342 323 haec
364 288 511 330 omnia,
528 299 634 334 quae
658 291 1040 330 incommutabiliter
1055 305 1155 332 vera
1165 299 1295 340 (sunt,
1312 299 1646 343 con->tinentem,
1664 313 1784 348 quam

92 354 174 381 non
196 346 334 390 possis
357 347 495 384 dicere
518 358 649 385 meam
674 350 737 386 vel
760 352 869 387 tuam
892 354 955 389 vel
979 354 1297 402 <cuiuscumque
1320 358 1509 400 hominis,
1537 361 1636 404 sed>
1658 364 1785 399 omni—

92 404 166 440 bus
194 404 543 443 incommutabilia
570 417 670 444 vera
705 412 970 448 cernentibus
1007 414 1214 459 tamquam
1251 416 1362 453 miris
1404 418 1534 455 modis
1576 423 1783 458 secretum

92 464 132 499 et
158 464 361 508 publicum
393 466 530 503 lumen
559 469 725 512 praesto
749 472 878 506 esse.“
931 471 1043 509 Haec
1064 474 1329 519 Augustinus.
1382 476 1596 514 Secretum
1618 481 1781 525 quidem

54 528 70 554 ⁵
91 524 155 559 est
181 523 221 559 in
249 524 409 561 ratione
438 526 599 566 obiecti,
628 528 831 572 publicum
860 531 902 566 ut
928 532 1031 567 ratio
1060 533 1326 580 intelligendi.

230 583 354 629 Igitur
379 584 589 622 fatendum
618 590 681 623 est
708 589 817 633 quod
845 589 1077 627 intellectus
1107 593 1308 630 humanus
1338 595 1459 633 videt.
1494 606 1780 644 quaecumque

90 641 422 680 intellectualiter
448 646 673 691 cognoscit,
702 647 741 683 in
768 648 858 693 ipso
887 649 1037 686 lumine
1064 652 1261 689 increato.

229 702 290 739 Ad
319 703 434 740 cuius
462 704 773 751 intelligentiam
802 709 1025 745 notandum
1055 712 1163 755 quod
1185 713 1318 749 omnis
1341 716 1527 759 operatio
1549 719 1613 753 est
1632 727 1657 754 a
1679 718 1779 755 Deo.

87 760 134 797 Et
160 762 347 806 operatio
375 765 439 799 est
465 763 664 809 perfectio
706 767 959 811 operationis
988 769 1052 805 vel
1081 772 1303 815 operantis.
1356 773 1438 810 Sed
1477 777 1679 820 quaedam
1722 781 1783 815 est

37 830 69 856 ιο
87 820 287 866 perfectio
316 823 528 867 operantis
555 824 593 860 in
624 834 720 861 esse
748 826 889 870 primo,
917 829 1120 872 quaedam
1149 830 1186 866 in
1216 840 1313 868 esse
1341 835 1526 871 secundo
1563 836 1669 873 intra
1701 841 1779 874 ter-

86 880 220 917 minos
247 882 431 918 naturae.
482 883 599 920 quta
627 885 735 929 quod
764 886 962 930 perfectio
991 888 1166 925 hominis
1198 891 1344 927 dicitur
1372 902 1467 930 esse
1499 896 1777 934 consideratio

86 939 283 977 veritatis.
324 939 534 982 Quaedam
558 944 695 979 autem
715 947 778 980 est
799 945 997 989 perfectio
1019 947 1058 983 in
1088 957 1184 985 esse
1212 952 1398 988 secundo
1426 962 1552 998 supra
1578 957 1776 993 terminos

85 999 269 1036 naturae.
320 999 367 1036 Et
393 1001 448 1037 ita
475 1003 671 1039 convenit
697 1004 737 1040 in
765 1005 910 1041 ordine
939 1005 1135 1043 efficienti
1154 1010 1166 1050 ΙΙ
1185 1009 1235 1045 ad
1263 1009 1391 1046 finem
1418 1016 1775 1057 supernaturalem
1796 1014 1859 1047 s01-
1882 1016 1925 1047 25
1936 1020 1952 1038 ³*
1965 1024 1988 1048 (1

84 1067 159 1103 per
185 1059 446 1096 dilectionem
485 1062 690 1098 bonitatis.
740 1063 863 1109 Igitur
898 1065 1015 1109 primi
1049 1067 1216 1112 generis
1254 1071 1520 1114 operationes
1559 1074 1774 1114 humanae.

35 1127 66 1154 15
86 1117 191 1154 sicut
225 1119 360 1155 motus
400 1123 441 1156 et
476 1130 638 1161 sensus,
679 1124 773 1159 sunt
798 1133 823 1159 a
849 1123 936 1160 Deo
965 1127 1191 1163 secundum
1219 1129 1421 1166 rationem
1450 1133 1661 1175 potentiae
1690 1135 1775 1170 effi-

85 1176 230 1214 cientis
257 1180 426 1216 tantum.
465 1182 790 1226 Augustinus,
812 1183 870 1219 De
883 1184 1074 1221 Moribus
1087 1186 1442 1226 Manichaeorum
1463 1190 1510 1226 III
1526 1194 1558 1227 ¹:
1586 1193 1770 1238 „Aliquid

85 1238 158 1279 est,
185 1237 225 1274 in
253 1239 450 1283 quantum
477 1249 531 1276 ex
555 1240 645 1277 Deo
674 1242 770 1277 est.“
823 1242 935 1279 Sicut
961 1245 1108 1289 probat
1139 1245 1420 1291 Anselmus,
1449 1250 1507 1286 De
1534 1251 1770 1289 Concordia

84 1296 388 1334 Praescientiae
413 1300 449 1335 el
474 1299 907 1338 Praedestinationis2
933 1304 975 1339 et
1002 1304 1059 1339 De
1085 1305 1295 1351 conceptu
1326 1308 1509 1352 {firminis
1548 1320 1635 1356 cap.
1659 1314 1706 1347 53
1733 1315 1771 1349 et

82 1355 142 1392 De
166 1356 276 1393 Casu
303 1357 477 1411 Diaboli
515 1368 602 1404 cap.
638 1360 695 1396 84.
758 1360 953 1406 Operatio
990 1364 1125 1399 autem
1159 1365 1448 1404 intellectualis
1490 1370 1554 1405 est
1589 1371 1640 1407 ab
1679 1372 1769 1416 ipso

30 1422 64 1448 20
83 1416 311 1453 secundum
348 1417 552 1454 rationem
590 1428 674 1455 non
712 1421 869 1456 tantum
907 1423 1118 1466 potentiae
1159 1423 1390 1468 efficientis,
1428 1429 1503 1465 sed
1543 1431 1769 1467 secundum

81 1474 284 1512 rationem
319 1476 421 1513 lucis
457 1476 710 1523 refulgentis
761 1479 880 1517 Unde
916 1480 1239 1527 Augustinus,
1272 1485 1333 1521 De
1359 1486 1507 1523 Libero
1534 1489 1769 1526 Arbitrio-⁵:

83 1534 291 1578 „Humana
310 1535 448 1573 anima
467 1537 707 1574 naturaliter
727 1539 887 1582 divinis,
910 1550 963 1576 ex
984 1542 1129 1586 quibus
1151 1544 1317 1588 pendet,
1333 1555 1527 1583 connexa
1540 1548 1768 1585 rationibus

81 1603 172 1630 cum
199 1594 315 1632 dicit:
340 1594 428 1632 Hoc
453 1596 600 1633 melius
626 1596 747 1634 fieret
773 1608 895 1643 quam
922 1600 1127 1637 illud—si
1152 1612 1297 1639 verum
1324 1604 1431 1647 dicit,
1460 1607 1500 1642 et
1526 1607 1638 1644 videt
1659 1609 1769 1653 quod

81 1652 187 1695 dicit,
213 1653 255 1689 in
281 1653 358 1690 illis
379 1654 421 1691 in
442 1655 588 1700 quibus
610 1659 827 1699 <connexa
848 1660 935 1701 est>
955 1660 1183 1698 rationibus
1206 1662 1328 1699 videt.
1367 1664 1457 1700 Non
1479 1665 1587 1702 enim
1608 1667 1769 1704 videret

30 1724 62 1749 25
81 1720 175 1748 esse
199 1711 436 1750 faciendum
461 1714 542 1750 nisi
567 1709 609 1751 in
634 1715 711 1752 illis
737 1717 976 1761 rationibus,
1016 1719 1162 1764 quibus
1188 1720 1298 1758 facta
1325 1724 1420 1759 sunt
1459 1725 1630 1761 omnia.“
1681 1726 1768 1764 Nec

79 1771 256 1808 advertit
280 1772 360 1809 hoc
386 1773 521 1810 homo.
560 1774 802 1820 Exemplum
823 1776 874 1812 de
894 1777 985 1814 luce
1014 1779 1054 1814 et
1081 1779 1232 1816 colore.
1283 1781 1409 1818 Actus
1437 1784 1576 1820 autem
1603 1786 1767 1831 gratuiti

80 1830 174 1866 sunt
193 1831 245 1867 ab
266 1831 346 1874 illo,
368 1842 451 1868 non
471 1834 628 1870 tantum
649 1834 726 1871 isto
742 1836 809 1872 vel
829 1836 896 1872 illo
917 1838 1052 1879 modo,
1074 1839 1149 1875 sed
1171 1840 1294 1876 etiam
1316 1842 1541 1878 secundum
1562 1844 1766 1882 rationem

79 1889 272 1926 bonitatis
300 1890 560 1933 declarantis,
588 1902 693 1937 quae
721 1894 885 1939 Spiritui
913 1895 1063 1933 Sancto
1092 1899 1380 1944 oppropriatur
1406 1901 1475 1946 qui
1502 1903 1566 1938 est
1590 1903 1766 1950 Ingeniti

79 1947 297 1995 Genitique
324 1951 518 1988 suavitas.
569 1952 686 1989 Unde
719 1953 1045 2000 Augustinus,
1078 1956 1157 1992 VII.
1194 1957 1253 1994 De
1293 1959 1671 1999 Trinitate'ultimo
1701 1973 1765 2000 ca-

27 2019 61 2045 30
77 2007 240 2053 pituloss.
301 2010 393 2053 „Illa
429 2010 550 2057 igitur
577 2012 752 2055 dilectio,
791 2014 1023 2057 delectatio,
1061 2015 1248 2059 felicitas,
1289 2019 1511 2063 beatitudo,
1551 2022 1586 2057 si
1624 2023 1761 2059 tamen

77 2066 214 2112 aliqua
232 2069 411 2105 humana
430 2080 535 2107 voce
556 2071 679 2117 digne
701 2072 856 2112 dicitur.
885 2084 982 2110 usus
1004 2075 1055 2111 ab
1071 2074 1223 2112 Hilario
1250 2077 1454 2115 humiliter
1480 2079 1763 2126 interpellatur

77 2127 165 2168 <et>
197 2128 262 2164 est
293 2128 334 2164 in
360 2128 557 2167 Trinitate
585 2130 756 2176 Spiritus
784 2131 958 2169 Sanctus
986 2143 1069 2170 non
1096 2134 1266 2172 Genitus
1303 2137 1379 2173 sed
1408 2137 1615 2176 Genitoris
1643 2140 1762 2177 Geni-

76 2185 187 2231 tique
215 2187 398 2224 suavitas
423 2188 582 2235 ingenti
608 2191 795 2236 largitate
821 2192 944 2237 atque
973 2194 1160 2230 ubertate
1193 2195 1448 2240 perfundens
1476 2208 1621 2236 omnes
1649 2210 1761 2237 crea-

76 2244 188 2281 turas
208 2255 283 2291 pro
305 2247 426 2292 captu
447 2257 600 2291 earum,
619 2251 661 2285 ut
681 2250 868 2287 ordinem
889 2261 1006 2288 suum
1036 2254 1243 2289 teneant“.
1289 2254 1408 2292 Unde
1437 2258 1759 2302 Augustinus,

26 2313 59 2340 35
77 2303 135 2340 De
155 2304 294 2342 Verbis
306 2306 503 2351 Apostoli
518 2309 560 2344 et
573 2308 748 2346 Damas
759 2319 910 2346 cenus
925 2310 1020 2354 XV.‚
1038 2312 1080 2347 ut
1094 2313 1224 2348 amori
1238 2313 1418 2351 iustitiae
1433 2324 1516 2351 non
1531 2326 1759 2362 praepona-

77 2372 164 2399 mus
186 2365 348 2401 omnia⁷
367 2366 446 2402 hoc
467 2367 697 2411 declarant:
727 2368 841 2414 „Ipse
863 2371 927 2405 est
946 2370 1099 2415 primus
1119 2372 1283 2416 gradus,
1304 2373 1346 2409 ut
1366 2373 1472 2409 inter
1493 2375 1631 2411 omnIa
1651 2386 1758 2421 quae

218 2463 235 2495 1
263 2462 372 2502 <sunt
391 2463 511 2503 con->l
539 2465 682 2498 lacuna
754 2467 773 2499 3
799 2467 899 2500 miris
922 2467 1051 2507 modis]
1078 2468 1206 2501 mirum
1234 2454 1379 2503 ffiodum
1480 2472 1499 2503 4
1528 2472 1686 2512 quidem]
1716 2474 1753 2511 —l—

75 2514 254 2548 obiectum
327 2517 347 2549 5
367 2516 417 2556 ut]
437 2526 506 2550 nee
579 2519 622 2550 14
643 2518 885 2558 dilectionem]
906 2520 1107 2553 dilectionis
1181 2522 1224 2555 20
1245 2522 1397 2562 tantum]
1412 2524 1534 2557 tamen
1609 2525 1651 2558 22
1673 2534 1756 2559 con-

75 2567 184 2607 nexa]
210 2569 369 2602 connixa
465 2570 508 2602 24
534 2570 727 2610 <connexa
752 2571 844 2611 est>]
872 2573 1013 2606 lacuna
1107 2574 1150 2606 30
1175 2575 1373 2616 beatitudo,
1401 2577 1433 2608 si
1457 2577 1592 2616 tamen]
1618 2579 1754 2618 latatio,

75 2620 160 2653 item
185 2630 266 2655 cum
362 2623 404 2655 31
432 2623 567 2664 aliqua]
593 2625 730 2665 aliquid
797 2625 905 2666 digne
932 2626 1071 2665 dicitur]
1098 2627 1198 2669 digni
1224 2629 1310 2661 dant
1375 2629 1559 2663 humiliter
1582 2631 1753 2672 interpel-

75 2673 179 2713 latur]
205 2674 366 2716 Migne:
393 2676 553 2709 breviter
578 2677 785 2718 appellatus
805 2679 862 2710 est
940 2679 982 2711 32
1010 2678 1172 2718 Genitusl
1199 2682 1375 2721 genitoris
1455 2683 1498 2715 33
1525 2683 1676 2724 ingenti]
1702 2685 1754 2716 in-

75 2727 186 2767 geniti
257 2728 436 2768 ubertate]
461 2730 616 2762 veritate

213 2815 226 2838 1
250 2817 302 2849 lbi
327 2817 445 2850 locum
470 2827 543 2851 non
563 2819 694 2852 inveni.
735 2819 806 2853 Sed
824 2820 887 2854 cfr.
907 2821 959 2853 De
980 2821 1066 2854 Gen.
1089 2822 1140 2854 ad
1157 2822 1224 2856 Lz‘t.
1246 2824 1300 2863 XI,
1317 2824 1359 2856 13
1381 2823 1452 2863 (PL
1473 2824 1527 2864 34,
1544 2825 1609 2858 436
1630 2835 1663 2858 n.
1682 2826 1749 2866 17),

211 2868 226 2891 2
251 2878 281 2903 c.
309 2871 328 2903 7
354 2866 427 2912 (PL
453 2871 529 2910 158,
552 2871 653 2912 517):
682 2872 882 2914 „Quicquid
908 2874 1066 2915 aliquam
1090 2875 1201 2908 habet
1227 2877 1435 2916 essentiam,
1463 2886 1485 2909 a
1509 2878 1586 2910 Deo
1613 2879 1701 2911 est“.

210 2920 226 2943 3
251 2922 308 2955 PL
327 2922 503 2962 158,438:
526 2924 671 2963 „Omnis
693 2926 855 2959 essentia
873 2928 930 2959 est
949 2927 1094 2960 aDe0“.
1208 2927 1223 2950 4
1249 2937 1278 2961 c.
1295 2930 1314 2961 7
1329 2928 1401 2968 (PL
1416 2930 1493 2969 158,
1509 2929 1612 2969 335):
1635 2931 1750 2969 „Quia

73 2974 216 3007 nonnisi
243 2983 265 3007 a
289 2975 365 3008 Deo
392 2977 458 3016 est,
486 2985 508 3009 a
534 2986 604 3017 quo
631 2979 687 3010 est
712 2987 828 3018 omne,
856 2980 951 3020 quod
977 2980 1111 3021 aliquid
1139 2980 1227 3014 est“.

209 3027 224 3048 ⁵
249 3028 303 3068 III,
331 3029 350 3060 5
376 3027 446 3068 (PL
470 3029 525 3069 32,
554 3031 642 3063 1277
668 3040 701 3066 n.
731 3030 798 3070 13).
941 3031 955 3052 ‘³
981 3032 1036 3071 VI,
1064 3033 1106 3065 10
1132 3031 1204 3072 (PL
1230 3035 1284 3073 42,
1312 3034 1377 3067 932
1406 3043 1438 3067 n.
1469 3034 1536 3072 11).

211 3078 224 3101 7
250 3080 321 3114 Cfr.
349 3081 452 3115 Rom.
479 3082 566 3122 VIII,
593 3083 647 3116 35.
1559 3134 1606 3167 5*
