2095 3459
102 898 163 930 fol.
185 899 228 930 31
244 902 258 920 0
271 898 290 930 b

314 221 386 262 220'
837 227 990 259 Joannis
1017 227 1183 259 Pechami
1211 227 1462 263 Quaestiones.

314 325 493 365 istarum,
520 326 582 359 ut:
612 324 795 367 „Veritas
822 327 887 360 est
912 323 1159 368 adaequatio
1185 323 1245 358 rei
1273 324 1313 359 et
1332 323 1609 359 intellectus“¹
1632 323 1698 359 vel
1719 323 1904 366 „Veritas
1925 324 1989 359 est

313 383 513 419 rectitudo
552 383 639 419 sola
676 384 812 418 mente
850 382 1187 427 perceptibilis“2.
1237 382 1349 417 Haec
1388 382 1494 417 enim
1532 382 1699 417 includit
1737 381 1874 417 omnia
1910 381 1989 417 tria

312 442 534 487 praedicta.

453 501 500 537 Et
525 503 624 537 nota
649 501 757 546 quod
782 501 937 537 veritas
964 501 1060 536 dicit
1079 500 1358 536 habitudinem
1378 500 1438 535 rei
1457 500 1509 536 ad
1530 500 1743 544 exemplar
1762 500 1985 540 aeternum,

314 570 393 605 quo
421 561 557 596 omnia
584 561 864 601 ostenduntur,
892 560 996 596 sicut
1031 559 1193 595 bonitas
1228 559 1508 595 habitudinem
1547 559 1598 595 ad
1636 558 1772 594 finem.
1822 558 1869 594 Et
1892 558 1987 594 ideo
2006 565 2022 590 5

311 619 475 655 veritati
501 620 666 655 creatae
694 619 924 655 attribuitur
950 619 1055 654 ratio
1082 618 1382 660 manifestandi,
1408 619 1452 653 ut
1478 627 1569 654 cum
1595 618 1750 659 dicitur,
1790 618 1898 662 quod
1924 618 1988 653 est

311 678 501 714 indivisio
528 688 553 714 a
578 678 743 723 propria
770 678 920 723 specie.
971 677 1088 714 Bono
1114 687 1214 713 vero
1241 677 1344 713 ratio
1372 677 1571 722 operandi
1596 676 1852 713 adscribitur.

891 880 1200 941 Quaestio
1239 880 1414 932 XLII.

388 1002 627 1048 Quaeritur
659 1005 805 1042 utrum
839 1002 1006 1041 veritas
1039 1004 1340 1052 cognoscatur
1372 1012 1453 1051 per
1484 1012 1532 1040 se
1564 1001 1708 1051 ipsam
1742 1012 1799 1041 an
1831 1013 1911 1051 per

929 1072 1125 1122 speciem
1158 1072 1367 1121 aliquam.
2008 1080 2040 1106 10

717 1162 770 1199 Et
796 1162 1050 1198 ostenditur
1075 1162 1198 1206 quod
1225 1171 1309 1207 per
1336 1170 1385 1197 se
1411 1161 1573 1206 ipsam.

452 1247 482 1281 1.
511 1245 553 1281 Si
577 1245 729 1281 veritas
756 1246 928 1281 haberet
954 1245 1146 1290 speciem,
1184 1244 1252 1280 illa
1278 1245 1440 1289 species
1467 1245 1706 1281 ostenderet
1732 1245 1859 1281 menti
1883 1244 1987 1280 veri-

312 1306 446 1346 tatem,
485 1305 527 1340 ut
562 1304 686 1340 sciret
721 1304 868 1346 anima,
907 1304 1003 1350 quid
1038 1304 1088 1339 sit
1114 1304 1279 1340 veritas.
1331 1304 1412 1340 Sed
1446 1304 1524 1340 hoc
1559 1314 1641 1340 non
1681 1305 1744 1340 est
1777 1303 1986 1349 possibile.

309 1364 415 1400 Dicit
435 1364 542 1400 enim
558 1364 879 1409 Augustinus,
895 1363 990 1399 VIII.
1006 1364 1065 1399 De
1082 1363 1203 1404 Trin„
1223 1372 1310 1408 cap.
1329 1364 1394 1399 33:
1417 1362 1538 1406 „Cum
1558 1363 1676 1399 audis
1698 1363 1883 1405 ,veritas‘‚
1904 1364 1987 1403 noli

311 1432 523 1469 quaerere,
550 1423 646 1468 quid
673 1423 724 1459 sit
744 1423 909 1458 veritas.
960 1421 1103 1458 Statim
1124 1422 1233 1457 enim
1254 1423 1464 1467 opponent
1482 1432 1527 1458 se
1548 1422 1746 1467 caligines
1765 1422 1986 1468 imaginum
2008 1435 2040 1459 15

310 1482 581 1528 corporalium
609 1484 649 1518 et
673 1483 968 1527 perturbabunt
995 1481 1272 1522 serenitatem,
1299 1490 1405 1526 quae
1431 1481 1562 1526 primo
1588 1481 1670 1517 ictu
1697 1481 1872 1517 diluxit.“

449 1543 480 1577 2.
509 1541 607 1577 Item
633 1541 788 1577 veritas
816 1542 879 1577 est
904 1540 1008 1576 ratio
1036 1540 1316 1585 cognoscendi
1346 1540 1437 1576 alia.
1489 1540 1640 1576 Verum
1677 1540 1785 1576 enini
1821 1541 1885 1576 est
1919 1541 1987 1576 de-

310 1601 550 1637 clarativum
577 1610 682 1636 esse.
733 1600 838 1645 Ergo
876 1600 964 1645 ipsa
998 1609 1080 1635 non
1116 1599 1378 1644 cognoscitur
1411 1608 1485 1644 per
1519 1599 1627 1635 aliud
1639 1607 1647 1641 ;
1687 1600 1757 1635 aut
1790 1599 1911 1637 ibitur
1944 1599 1987 1635 in

309 1659 521 1696 infinitum.

450 1720 482 1755 3.
508 1719 606 1755 Item
628 1718 845 1754 similitudo
867 1727 949 1753 non
976 1718 1040 1753 est
1059 1717 1155 1753 illud
1179 1717 1293 1753 cuius
1315 1717 1378 1752 est
1398 1717 1628 1759 similitudo,
1656 1718 1730 1753 sed
1752 1718 1815 1753 est
1834 1717 1985 1760 <falsa>
2005 1733 2039 1759 20

311 1779 537 1814 secundum
564 1777 903 1823 Augustinum‚
930 1776 1046 1813 Solil.
1074 1776 1115 1818 II,
1137 1777 1263 1818 <15>4,
1297 1775 1489 1821 quoniam
1515 1775 1664 1812 falsum
1691 1777 1755 1812 θεῖ
1779 1786 1862 1812 non
1889 1786 1984 1812 esse

311 1837 420 1882 quod
446 1836 634 1872 imitatur.
685 1836 790 1881 Ergo
818 1836 852 1871 si
875 1835 1029 1871 veritas
1056 1835 1181 1871 habet
1207 1834 1522 1876 similitudinem,
1555 1844 1660 1879 quae
1687 1844 1769 1870 non
1796 1836 1858 1870 est
1883 1835 1985 1880 ipsa,

312 1896 387 1932 erit
412 1896 492 1932 ista
518 1895 736 1931 similitudo
762 1895 877 1930 falsa.
928 1894 1091 1930 Veritas
1119 1903 1229 1939 ergo,
1257 1893 1292 1943 si
1311 1893 1465 1929 veritas
1492 1894 1768 1939 cognoscatur
1785 1903 1860 1939 per
1880 1895 1986 1930 simi-

310 1955 532 1996 litudinem‚
560 1954 819 2000 cognoscitur
845 1962 918 1998 per
942 1953 1101 1989 falsum.
1152 1952 1459 1997 Consequentia
1483 1953 1615 1997 patet:
1644 1952 1747 1993 Quia
1767 1952 1984 1989 similitudo

313 2013 499 2050 veritatis
525 2023 608 2049 non
635 2013 698 2048 θεῖ
723 2012 886 2053 veritas,
910 2011 1020 2058 ‘ergo
1049 2011 1124 2047 erit
1148 2011 1316 2052 falsitas,
1353 2010 1448 2055 quia
1473 2011 1579 2047 inter
1604 2020 1746 2046 verum
1774 2013 1814 2047 et
1838 2011 1985 2047 falsum
2004 2025 2038 2052 25

310 2082 392 2109 non
420 2074 483 2108 est
508 2072 697 2108 medium.

1063 2118 1243 2154 Contra.

452 2198 482 2232 1.
509 2197 613 2232 Nihil
639 2197 700 2232 est
726 2196 887 2232 animae
923 2195 1184 2240 praesentius
1224 2204 1344 2240 quam
1382 2194 1474 2239 ipsa
1511 2194 1600 2230 sibi.
1651 2193 1732 2230 Sed
1770 2204 1816 2230 εθ
1854 2194 1984 2239 ipsam

310 2266 393 2293 non
419 2251 631 2302 cognoscit
656 2255 734 2291 nisi
760 2264 834 2300 per
860 2254 1173 2295 similitudinem,
1210 2256 1252 2289 ut
1289 2253 1384 2289 dicit
1416 2253 1694 2295 Anselmus,
1720 2253 1876 2289 Monol.
1903 2255 1983 2289 335.

451 2316 482 2350 2.
509 2315 609 2350 Item
634 2314 789 2350 veritas
816 2315 880 2350 est
907 2313 1153 2358 adaequatio
1180 2313 1240 2349 rei
1267 2314 1307 2349 et
1333 2313 1575 2348 intellectus.
1627 2312 1708 2348 Sed
1736 2312 1983 2357 adaequatio
2004 2324 2037 2350 30

310 2375 390 2411 ista
415 2384 490 2420 per
517 2383 561 2410 se
588 2383 671 2409 non
698 2373 942 2419 intelligitur.
995 2372 1250 2417 Adaequatio
1290 2371 1399 2408 enim
1436 2371 1581 2416 lapidis
1619 2381 1710 2407 cum
1749 2371 1885 2407 anima
1919 2372 1984 2407 vel

311 2443 401 2470 cum
428 2433 635 2469 intellectu
662 2432 798 2468 divino
825 2442 908 2468 non
936 2432 999 2468 est
1024 2432 1065 2467 in
1091 2431 1238 2467 anima.
1287 2431 1403 2466 Nullo
1440 2430 1546 2466 enim
1583 2431 1736 2466 mutato
1772 2430 1813 2465 in
1849 2430 1985 2466 anima

310 2493 447 2537 potest
473 2491 770 2534 enunti<abi>le
796 2500 939 2527 verum
965 2490 1055 2526 fieri
1080 2490 1239 2526 falsum.
1289 2490 1394 2535 Ergo
1422 2490 1496 2525 etc.

450 2552 481 2587 3.
507 2551 607 2586 Item
634 2550 743 2595 quod
768 2549 879 2595 prius
906 2550 1195 2594 praesentatur
1226 2548 1448 2584 intellectui
1485 2548 1525 2584 et
1559 2547 1673 2584 novit
1704 2547 1983 2590 <intellectus>

312 2612 374 2647 est
401 2619 475 2646 ens
503 2610 728 2645 secundum
754 2609 1091 2644 Avicennamfl.
1143 2608 1223 2644 Sed
1259 2616 1380 2644 omne
1415 2607 1528 2652 prius
1563 2606 1744 2652 agnitum
1780 2607 1844 2642 est
1879 2605 1982 2641 ratio
2003 2619 2036 2644 35

311 2668 589 2714 cognoscendi
615 2669 877 2713 postremum.
927 2667 1033 2713 Ergo
1059 2667 1212 2706 veritas
1239 2665 1502 2712 cognoscitur
1526 2674 1602 2710 per
1627 2665 1849 2700 entitatem.

453 2756 491 2787 11
520 2756 562 2787 Et
588 2755 788 2787 ostenditur
814 2754 911 2794 quod
937 2762 1003 2793 per
1029 2762 1069 2785 se
1096 2752 1225 2793 ipsam]
1259 2754 1294 2785 et
1320 2752 1482 2793 arguitur
1508 2752 1558 2783 sic
1656 2751 1697 2783 12
1725 2751 1896 2791 speciem,
1923 2751 1984 2782 illa

311 2808 467 2849 species]
494 2808 649 2841 additur
673 2808 715 2840 in
740 2807 913 2847 maryine
1032 2808 1073 2838 31
1107 2807 1178 2838 ista
1209 2815 1275 2846 per
1305 2815 1346 2838 se
1377 2813 1449 2837 non
1476 2805 1692 2845 intelligitur.
1744 2803 1983 2846 Adaequatiol

311 2862 466 2894 additur
488 2862 530 2894 in
556 2861 729 2901 maraine

451 2943 463 2965 1
489 2944 594 2976 quta
619 2952 646 2975 ε.
673 2944 846 2975 Thomam
873 2943 928 2974 est
954 2942 1079 2974 Isaac
1105 2942 1280 2979 Israeli;
1319 2940 1385 2980 (De
1416 2941 1532 2979 Venit„
1568 2950 1600 2981 q.
1632 2942 1660 2980 1,
1688 2950 1717 2973 a.
1748 2942 1764 2973 l
1793 2936 1981 2981 [corpusD.

449 2995 464 3017 2
489 2996 723 3028 Anselmus
767 2996 818 3027 De
850 2995 964 3033 Verit.‚
992 3004 1071 3034 cap.
1099 2994 1143 3026 XI
1169 2993 1239 3033 (PL
1266 2994 1343 3032 158,
1370 2993 1462 3032 480).

449 3048 464 3069 3
489 3048 574 3087 VIII,
602 3049 621 3080 2
647 3046 719 3087 (PL
745 3048 799 3086 42,
827 3048 892 3080 949
919 3057 952 3079 n.
979 3048 1025 3085 3).
1168 3045 1183 3067 4
1208 3047 1264 3079 PL
1289 3046 1342 3085 32,
1371 3046 1437 3079 898
1464 3055 1491 3078 s.

449 3101 464 3123 5
489 3101 545 3133 PL
572 3102 648 3140 158,
677 3101 754 3133 187.
896 3099 910 3121 6
936 3100 1097 3141 Metapa.
1124 3099 1148 3137 Ι,
1176 3100 1206 3131 6.
