2095 3459
802 200 972 242 Quaestio
999 202 1083 239 XIV,
1699 205 1764 239 127

103 299 294 348 quidquid
325 303 446 352 ruodo
473 302 596 338 habet
622 302 849 347 potestatis,
888 303 982 347 quia
1015 303 1162 347 poterit
1196 304 1325 339 locum
1360 303 1539 348 implere.
1578 305 1684 348 quod
1713 305 1761 340 ad

102 362 395 407 perfectionem
422 361 599 405 undique
627 361 802 405 pertinet
812 369 819 403 ;
855 362 1009 397 carebit
1033 363 1168 398 autem
1196 372 1257 402 eo,
1290 363 1397 407 quod
1425 364 1486 398 est
1512 362 1763 403 infirmitatis,

101 421 257 457 scilicet
283 430 406 465 posse
434 421 484 456 ab
512 420 590 455 alio
618 429 788 464 corpore
816 420 1010 465 impediri.
1061 420 1158 456 Item
1181 430 1230 456 eo
1252 422 1371 457 modo
1394 421 1470 456 isto
1492 422 1656 463 carebit,
1684 432 1762 467 quo

102 480 288 525 congruit
313 479 553 524 perfectioni
581 479 771 520 universi,
800 481 840 515 ut
870 479 1024 516 scilicet
1043 480 1202 524 possint
1222 481 1398 516 humana
1418 490 1590 525 corpora
1610 481 1763 517 moveri

65 546 81 570 ⁵
101 539 216 575 salva
241 538 474 584 integritate
502 547 714 582 corporum
744 538 1049 577 mundanorum.
1088 539 1181 583 quia
1217 540 1310 575 tunc
1346 540 1524 575 cessabit
1549 540 1761 585 generatio

101 598 141 633 et
167 597 384 642 corruptio.
436 598 628 633 Poterunt
654 606 750 643 ergo
779 594 934 634 moveri
967 607 1037 643 per
1068 598 1227 643 integra
1262 598 1299 633 in
1337 598 1556 635 subtilitate
1574 601 1588 641 ΙΙ
1606 599 1759 644 gloriae
1787 596 1848 629 rol.
1871 596 1970 628 29vb

102 657 328 693 sublimata.
378 657 473 693 Ideo
496 656 591 692 dicit
610 656 901 701 Apostolus,
927 657 1043 692 Rom.
1067 659 1099 696 8.
1115 659 1224 699 <21>1
1253 657 1366 701 „Ipsa
1386 659 1583 699 creatura,
1603 658 1762 694 univer-

102 716 198 752 salis
227 716 392 757 scilicet,
430 715 666 751 liberabitur
692 726 716 752 a
742 716 938 751 servitute
966 716 1235 760 corruptionis
1267 716 1307 751 in
1344 716 1569 752 libertatem
1608 717 1761 762 gloriae

100 775 273 811 filiorum
301 775 409 811 Dei“.

53 841 84 865 1⁰
241 834 339 870 Item
366 834 444 869 hoc
470 834 581 878 patet
620 843 673 869 ex
709 833 849 868 forma.
901 833 941 868 In
981 833 1063 869 vtta
1101 833 1206 868 enim
1245 833 1323 869 ista
1361 835 1543 870 essentia
1580 835 1760 880 corporis

102 893 284 930 subsistit
310 893 515 929 mediante
541 892 819 938 magnitudine
848 892 888 927 et
914 892 1176 936 corpulentia,
1213 893 1306 937 quia
1340 893 1511 928 nutritur
1542 894 1640 929 cibis
1676 903 1762 930 cor-

101 952 248 998 poreis.
299 952 345 987 Et
371 951 462 988 ideo
492 951 673 987 essentia
699 951 880 995 sequitur
907 952 1067 987 modum
1107 951 1388 996 corporeitatis
1417 953 1457 987 et
1482 952 1760 997 dispositionis

101 1011 450 1056 complexionalis,
478 1020 557 1056 qua
583 1011 716 1046 soluta
741 1010 912 1046 solvitur
937 1010 1128 1046 essentia.
1179 1010 1234 1045 Ibi
1259 1011 1394 1046 autem
1417 1012 1583 1047 econtra
1603 1012 1653 1048 ab
1673 1012 1761 1056 ipsa

102 1070 284 1106 essentia
309 1070 475 1106 habebit
501 1069 784 1115 corporeitatis
813 1069 1127 1105 subsistentiam.
1179 1069 1323 1106 Anima
1349 1070 1455 1106 enim
1488 1070 1646 1114 perficit
1677 1080 1761 1107 cor-

51 1141 82 1166 15
101 1129 212 1175 poris
240 1129 460 1165 essentiam
489 1138 562 1174 per
589 1139 634 1164 se
662 1129 702 1164 et
727 1129 778 1164 ab
816 1128 905 1173 ipsa
940 1128 1147 1164 beatitudo
1186 1128 1427 1164 redundabit
1464 1128 1504 1164 in
1541 1130 1760 1165 essentiam

101 1188 295 1233 corporis,
324 1190 363 1224 et
388 1188 483 1224 inde
510 1188 549 1223 in
577 1197 672 1224 esse
698 1188 1024 1223 mathematicum
1053 1189 1093 1223 et
1118 1188 1301 1223 naturale
1328 1189 1370 1223 ut
1395 1188 1532 1223 totum.
1560 1187 1759 1233 Quidquid

103 1247 210 1283 enim
236 1247 297 1282 est
322 1247 363 1282 in
390 1255 562 1291 corpore
599 1247 713 1282 salva
748 1246 1020 1291 corporeitate
1059 1246 1238 1291 sequitur
1275 1246 1436 1282 modum
1476 1247 1681 1283 essentiae
1721 1249 1760 1284 et

102 1306 278 1351 spiritus.
328 1305 375 1341 Et
409 1306 487 1341 hoc
521 1306 606 1341 vult
641 1306 776 1341 dicere
812 1305 1090 1350 Apostolus,
1125 1305 1215 1347 <11.>
1241 1306 1334 1341 Cor.
1365 1307 1396 1347 5,
1420 1307 1506 1347 <4>:
1546 1306 1758 1349 „Nolumus

102 1365 324 1410 exspoliari
349 1365 423 1401 sed
451 1364 727 1409 supervestiri,
766 1365 809 1400 ut
843 1365 1111 1400 absorbeatur
1149 1365 1255 1409 quod
1293 1365 1462 1400 mortale
1497 1366 1558 1401 est
1592 1375 1616 1401 a
1641 1366 1756 1402 vita.“

50 1435 84 1460 ρο
102 1424 194 1469 Ipsa
219 1424 340 1470 igitur
368 1423 540 1460 felicitas
573 1425 623 1460 ab
663 1424 797 1460 anima
834 1424 1034 1459 redundat
1070 1424 1109 1459 in
1149 1424 1369 1459 essentiam
1408 1424 1599 1469 corporis,
1639 1435 1758 1469 quam

103 1483 229 1527 primo
257 1484 297 1518 et
322 1492 396 1528 per
423 1492 468 1518 se
495 1482 664 1527 perficit.
712 1482 803 1527 Ipsa
828 1483 964 1518 anima
989 1482 1165 1527 disponit
1192 1483 1413 1519 essentiam
1440 1483 1611 1519 hominis
1633 1484 1682 1519 ad
1703 1484 1760 1519 in—

102 1542 488 1590 corruptibilitatem,
515 1542 614 1584 <ad>
639 1541 942 1581 beatitudinem,
970 1542 1019 1577 ad
1048 1541 1370 1586 spiritualitatem
1397 1542 1589 1586 corporis,
1615 1543 1665 1578 ad
1692 1542 1760 1578 im-

102 1600 421 1645 passibilitatem.
473 1600 514 1636 In
543 1602 798 1637 sacramento
819 1600 980 1645 quidem
1001 1600 1182 1644 corporis
1203 1599 1348 1636 Christi
1369 1601 1461 1636 sunt
1482 1601 1758 1637 dimensiones

103 1659 266 1695 omnino
294 1659 499 1695 mediante
527 1659 754 1696 substantia
780 1660 854 1695 sub
879 1661 1148 1700 sacramento,
1176 1659 1268 1704 quia
1289 1660 1514 1695 substantia
1534 1660 1650 1704 panis
1672 1661 1760 1696 sola

49 1729 83 1753 25
102 1718 351 1754 convertitur
384 1719 425 1754 in
462 1728 608 1764 corpus
635 1718 791 1760 Christi,
830 1727 902 1763 per
940 1727 984 1754 se
1023 1718 1280 1754 manentibus
1316 1718 1593 1754 accidentibus
1631 1720 1758 1763 panis

100 1776 147 1812 Et
172 1777 296 1813 habet
321 1777 376 1813 ibi
402 1787 548 1822 corpus
576 1776 722 1813 Christi
748 1777 976 1813 accidentia
1002 1786 1075 1812 sua
1102 1777 1264 1813 omnino
1299 1786 1372 1822 per
1405 1778 1755 1814 concomitantiam

76 1827 78 1829 ’
101 1836 152 1871 ad
178 1836 442 1872 substantiam
470 1837 511 1872 et
537 1836 629 1872 ideo
657 1837 880 1881 sequuntur
907 1836 1068 1871 omnino
1102 1837 1264 1871 modum
1299 1837 1562 1876 substantiae,
1600 1837 1642 1872 ut
1676 1846 1756 1873 non

102 1895 439 1931 commentiantur
466 1904 510 1931 se
539 1895 693 1939 speciei
728 1894 963 1930 continenti.
1012 1894 1054 1930 In
1092 1904 1263 1939 corpore
1301 1904 1399 1931 vero
1437 1895 1627 1940 glorioso,
1665 1896 1758 1940 quia

102 1952 301 1989 dimensio
329 1954 392 1990 vel
431 1954 634 1999 quantitas
671 1954 780 1999 prior
819 1955 880 1989 est
917 1954 1046 1989 forma
1084 1954 1349 1995 substantiali,
1387 1955 1524 1990 tamen
1560 1954 1756 1999 perfectio

49 2023 83 2048 30
101 2012 255 2058 gloriae
292 2013 400 2057 prius
441 2014 503 2049 est
540 2013 581 2049 in
618 2013 753 2049 anima
791 2014 830 2048 et
867 2015 1167 2057 consequenter
1202 2013 1242 2048 in
1269 2022 1451 2058 corpore.
1501 2013 1594 2049 Ideo
1621 2015 1758 2049 manet

102 2072 300 2107 dimensio
326 2072 366 2108 in
393 2073 513 2108 modo
540 2073 711 2108 naturae
739 2072 940 2116 propriae,
979 2073 1169 2116 quantum
1198 2073 1247 2108 ad
1274 2072 1324 2113 id,
1362 2072 1468 2116 quod
1494 2072 1756 2117 perfectionis

103 2132 175 2172 est,
202 2131 243 2166 ut
271 2132 334 2166 est
358 2141 483 2176 posse
509 2131 642 2167 locum
664 2140 878 2175 occupare,
906 2132 976 2167 sed
1000 2131 1167 2166 trahitur
1187 2131 1237 2167 ad
1262 2130 1554 2175 perfectionem
1575 2132 1758 2167 substan-

101 2190 195 2232 tiae,
235 2190 393 2226 sublato
420 2191 470 2226 ab
497 2191 586 2235 ipsa
614 2199 675 2231 eo,
714 2190 818 2234 quod
848 2191 911 2225 est
947 2190 1276 2234 imperfectionis.
1315 2191 1422 2234 quod
1456 2192 1518 2226 est
1549 2200 1673 2234 posse
1706 2191 1756 2226 ab

102 2249 180 2284 alio
208 2258 379 2294 corpore
406 2249 601 2293 impediri.

51 2319 84 2345 ³5
240 2307 338 2343 Item
373 2306 450 2343 hoc
486 2308 596 2352 patet
632 2317 684 2343 ex
718 2306 800 2343 fine
837 2307 929 2351 quia
964 2317 1042 2342 non
1073 2308 1184 2342 esset
1209 2307 1325 2343 aliter
1351 2306 1470 2342 homo
1497 2307 1617 2351 plene
1645 2306 1684 2342 in
1711 2316 1755 2343 se

103 2366 257 2402 beatus.

299 2436 471 2482 solutio,
495 2436 778 2473 obiectorum
804 2437 1106 2481 <quaestionis
1134 2436 1341 2472 decimae
1368 2437 1594 2481 quartae>.
1782 2445 1833 2482 D,
1858 2445 1962 2483 ΧΠ,

242 2514 271 2548 1.
298 2513 358 2549 Ad
385 2513 555 2557 primum
582 2513 783 2549 obiectum
817 2513 1030 2549 dicendum
1069 2513 1175 2557 quod
1214 2512 1544 2549 Damascenus
1581 2513 1756 2558 loquitur

103 2573 153 2608 de
181 2581 351 2617 corpore
377 2572 417 2608 in
439 2582 513 2608 sua
533 2572 704 2608 naturali
725 2572 943 2608 existentia
963 2572 1240 2616 permanente.
1278 2571 1342 2607 Sic
1362 2571 1469 2607 enim
1487 2571 1758 2616 loquebantur

51 2631 308 2673 whaeretici,
335 2632 476 2666 contra
503 2640 603 2675 quos
636 2631 821 2675 loquitur.
872 2630 1031 2666 Certum
1073 2631 1135 2665 est
1172 2631 1305 2666 autem
1343 2630 1451 2674 quod
1487 2630 1638 2666 nullum
1674 2630 1755 2666 tale

103 2699 249 2734 corpus
276 2690 411 2734 potest
437 2699 532 2726 esse
560 2689 675 2725 simul
703 2699 792 2725 cum
818 2689 908 2725 alio.

240 2749 272 2783 2.
299 2748 360 2784 Ad
387 2749 610 2784 secundum
636 2748 851 2784 dicendum
884 2747 990 2793 quod
1022 2757 1095 2792 per
1129 2746 1394 2792 quantitatem
1429 2746 1755 2783 mathematicam

104 2816 223 2842 omne
243 2816 388 2851 eorpus
409 2807 540 2851 replet
559 2807 703 2842 locum.
737 2805 817 2842 Sed
837 2808 1002 2851 propter
1023 2806 1196 2842 eandem
1215 2806 1480 2851 quantitatem
1502 2806 1755 2841 sublimatam

103 2866 142 2901 in
168 2867 338 2911 gloriam
363 2867 501 2911 potest
526 2865 633 2901 aliud
661 2874 807 2910 corpus
834 2865 1046 2901 admittere
1073 2865 1112 2900 in
1139 2864 1283 2900 eodem
1307 2864 1409 2900 loco.

243 2964 262 2995 5
288 2962 457 3002 cessabit]
484 2963 642 2996 cessavit
738 2963 779 2995 10
806 2962 931 3001 forma!
961 2963 998 3000 -l-
1026 2962 1083 2994 vel
1110 2961 1261 2993 materia
1356 2962 1397 2992 15
1423 2960 1618 2998 beatItudol
1649 2961 1757 2992 beata

104 3016 146 3048 20
180 3015 368 3055 redundat]
401 3016 606 3048 redundans
703 3015 744 3047 22
780 3014 1047 3052 beatitudinem!
1080 3014 1357 3054 magnitudinem
1502 3013 1542 3045 28
1579 3021 1754 3046 common-

103 3068 246 3108 tianturl
275 3069 329 3101 vel
354 3067 712 3108 communicanturff)
