2095 3459
354 209 399 243 9ss
871 210 1046 243 Johannis
1071 210 1238 243 Pechami
1265 211 1516 247 Quaestiones.

356 307 536 343 vivacior
562 307 624 342 est
650 306 690 342 in
716 306 1091 348 animadvertendo,
1131 306 1361 351 expeditior
1391 306 1430 341 in
1462 306 1623 352 agendo
1651 307 1692 342 et
1718 307 1932 345 movendo,
1973 306 2013 342 et

356 365 631 410 perspicacior
656 365 696 401 in
721 364 1045 409 contemplando.

493 423 692 465 vivacior,
717 423 892 467 inquam,
917 423 957 459 in
984 423 1248 459 advertendo.
1294 422 1392 458 Cum
1419 423 1526 459 enim
1551 424 1592 459 in
1619 433 1790 468 corpore
1817 425 1890 462 est.
1916 424 2012 459 nihil

356 483 492 526 potest
518 481 732 517 advertere
758 481 837 517 nisi
862 491 934 526 per
964 481 1147 517 ordinem
1177 482 1227 517 ad
1258 491 1416 526 corpus.
1466 481 1565 517 Cum
1590 483 1726 517 autem
1752 483 1965 526 separatur
1989 492 2014 518 a

356 550 538 585 corpore,
565 542 704 585 potest>
726 541 940 576 advertere
967 549 1113 584 corpus
1146 540 1186 575 in
1219 549 1298 584 quo
1332 541 1404 581 est,
1441 542 1482 575 et
1506 550 1579 584 per
1605 549 1866 584 consequens
1893 549 2012 576 omne
2033 547 2049 574 5

356 599 567 644 corporale
603 599 643 635 in
681 599 782 644 ipso,
821 598 1012 643 quoniam
1051 608 1212 634 omnem
1251 599 1524 643 cognitionem
1550 598 1779 634 iudicialem
1805 598 2015 643 praecedit

356 657 532 704 cognitio
560 657 904 702 experimentalis.
952 657 1070 693 Unde
1097 657 1419 702 Augustinus,
1452 657 1503 693 II.
1529 657 1588 693 De
1613 657 1758 693 Libero
1784 657 2013 694 Arbitrim:

357 717 545 761 „Aperiet
570 717 729 752 oculum
757 717 796 752 et
821 716 932 752 vivat
957 716 1194 760 aspiciendo
1232 717 1283 751 ad
1322 716 1373 756 id,
1409 716 1518 760 quod
1553 716 1695 752 videre
1731 716 1894 761 appetit,
1932 725 2013 751 non

355 776 507 820 posset,
548 774 624 810 nisi
652 774 768 810 oculo
795 774 934 810 clauso
962 784 1008 810 se
1035 774 1075 810 id
1110 784 1191 810 non
1217 775 1359 810 videre
1398 774 1578 816 sentiret,
1618 774 1653 810 si
1690 775 1813 810 sentit
1851 784 1896 810 se
1932 784 2013 810 non

355 834 495 869 videre
522 834 615 870 dum
641 843 723 869 non
749 833 871 875 videt,
910 842 1085 869 necesse
1119 834 1182 869 est
1213 843 1303 869 cum
1339 833 1488 870 sentiat
1514 842 1560 869 se
1586 833 1727 869 videre
1754 843 1844 869 cum
1870 833 2012 869 videt.“
2036 839 2068 863 ¹0

493 892 694 937 Amplius:
734 892 904 934 Si<-cut>
929 891 1110 928 vivacior
1137 893 1200 927 est
1225 892 1265 927 in
1291 892 1557 933 advertendo,
1583 892 1639 928 ita
1663 892 1796 937 potior
1820 892 1862 927 in
1887 893 2016 927 trans-

355 950 567 987 formando
595 960 639 986 se
666 950 706 986 in
731 959 867 986 rerum
894 950 1206 986 similitudinem.
1256 950 1510 995 Impossibile
1537 950 1644 986 enim
1676 951 1719 986 ut
1743 950 1925 995 perfecte
1952 959 2016 986 co-

357 1010 530 1056 gnoscat
555 1019 641 1045 rem
667 1019 740 1054 per
765 1009 1078 1051 similitudinem,
1105 1018 1210 1054 quae
1238 1009 1290 1045 sit
1314 1019 1340 1045 a
1364 1018 1420 1045 re.
1471 1008 1586 1049 Quod
1619 1009 1790 1051 videtur,
1825 1008 2016 1053 quoniam

358 1069 400 1104 in
426 1068 554 1113 primo
581 1069 859 1114 cognoscente
886 1068 994 1104 idem
1021 1077 1184 1112 semper
1210 1068 1387 1114 cognitio
1418 1069 1458 1104 et
1476 1068 1579 1104 ratio
1599 1068 1886 1113 cognoscendi,
1912 1077 2017 1112 quae

361 1128 423 1163 est
451 1126 666 1163 similitudo
695 1127 870 1162 omnium
896 1126 963 1162 vel
988 1126 1122 1171 potius
1149 1127 1371 1171 exemplar.
1407 1126 1512 1171 Ergo
1533 1136 1623 1162 cum
1644 1126 1779 1162 anima
1796 1125 2016 1167 rationalis,
2039 1130 2071 1155 15

359 1194 408 1221 eo
435 1185 535 1230 ipso,
563 1194 642 1229 quo
669 1185 803 1230 imago
823 1185 898 1220 Dei
918 1186 991 1226 est,
1019 1185 1070 1221 sit
1095 1185 1136 1221 in
1161 1186 1345 1230 potentia
1369 1195 1626 1231 cognoscens
1647 1194 1700 1221 ex
1721 1185 1869 1230 seipsa,
1895 1185 2018 1220 habet

361 1244 483 1280 etiam
510 1244 709 1280 rationem
736 1244 1014 1289 cognoscendi
1038 1244 1316 1288 potentialiter
1353 1254 1407 1280 ex
1444 1254 1490 1280 se
1527 1244 1626 1288 ipsa.
1675 1243 1775 1280 Item
1810 1244 1851 1279 in
1888 1243 2017 1288 primo

359 1304 451 1338 sunt
484 1312 582 1338 vere
621 1303 728 1339 idem
765 1303 896 1347 ipsum
936 1312 1193 1348 cognoscens
1230 1304 1271 1339 et
1305 1303 1407 1339 ratio
1442 1302 1730 1348 cognoscendi.
1781 1302 1862 1339 Sed
1887 1301 2018 1338 omnis

359 1361 535 1406 cognitio
572 1361 857 1397 intellectualis
890 1361 1086 1397 formatur
1120 1362 1171 1397 ab
1206 1362 1295 1406 ipso
1330 1362 1374 1397 ut
1407 1363 1569 1407 agente.
1617 1361 1722 1406 Ergo
1759 1361 1890 1397 omnis
1915 1360 2018 1396 ratio

360 1419 639 1465 cognoscendi
663 1419 857 1455 formatur
881 1421 932 1456 ab
958 1420 1048 1465 ipso
1075 1421 1117 1456 ut
1143 1420 1463 1465 exemplaritate.
1512 1420 1611 1456 Item
1638 1421 1788 1465 quanto
1816 1421 1930 1456 actus
1957 1420 2019 1455 est
2037 1422 2071 1447 20

361 1478 530 1514 interior
556 1479 596 1513 et
628 1478 937 1520 substantialior,
972 1480 1085 1515 tanto
1120 1478 1373 1524 perfectione
1407 1479 1589 1515 interiori
1624 1480 1665 1515 et
1701 1478 2019 1514 substantialiori

300 1555 306 1557 μ
332 1537 492 1573 forma
510 1536 727 1582 perficitur.
766 1537 846 1573 Sed
867 1537 1043 1583 cognitio
1066 1539 1129 1573 est
1148 1538 1263 1573 actus
1283 1537 1446 1573 intimus
1467 1538 1639 1574 animae.
1676 1537 1780 1583 Ergo
1801 1546 2019 1582 numquam

360 1595 570 1640 perficitur
595 1595 673 1631 nisi
697 1605 772 1640 per
796 1595 936 1632 intima
961 1595 1133 1632 animae.
1182 1597 1281 1632 Item
1316 1597 1356 1632 in
1388 1596 1517 1641 primo
1550 1597 1643 1632 sunt
1667 1596 1774 1632 idem
1799 1596 1930 1640 ipsum
1955 1604 2020 1631 co-

360 1663 567 1700 gnoscens
589 1655 629 1690 et
648 1654 751 1690 ratio
771 1655 1059 1700 cognoscendi.
1093 1654 1197 1700 Ergo
1219 1658 1370 1700 quanto
1391 1656 1541 1700 aliquid
1559 1655 1778 1700 perfectius
1799 1653 2019 1700 cognoscit,

363 1714 475 1748 tanto
502 1713 630 1758 magis
658 1714 720 1748 est
746 1723 867 1749 unum
893 1713 995 1749 ratio
1023 1714 1301 1759 cognoscendi
1327 1724 1417 1750 cum
1443 1715 1731 1759 cognoscente.
1781 1713 1863 1750 Sed
1887 1713 1928 1749 in
1955 1722 2019 1748 co·
2037 1714 2071 1740 5-’5

364 1771 546 1816 gnitione
574 1771 773 1807 sensitiva
798 1773 954 1816 ponunt
980 1772 1158 1816 speciem
1188 1782 1282 1808 esse
1308 1773 1359 1808 ab
1395 1774 1512 1808 extra
1549 1773 1590 1808 et
1625 1772 1779 1808 unitum
1812 1771 2019 1817 potentiae

366 1829 469 1865 sicut
494 1829 688 1865 accidens
714 1830 909 1866 subiecto.
946 1830 1050 1875 Ergo
1078 1832 1238 1875 oportet
1259 1831 1367 1876 quod
1387 1831 1635 1867 intellectiva
1654 1831 1816 1867 uniatur
1834 1829 2018 1866 nobiliori

361 1888 481 1924 modo
508 1897 627 1932 quam
653 1888 895 1930 <sensitiva>
921 1890 996 1924 etc.

500 1946 598 1982 Item
624 1947 899 1992 perspicacior
924 1947 965 1983 in
991 1948 1305 1993 contemplando
1333 1949 1407 1984 etc.
1435 1950 1509 1984 etc.

499 2005 567 2041 Est
593 2005 639 2041 in
665 2006 732 2041 fol.
757 2006 828 2041 291*
853 2006 1006 2042 lacuna
1033 2007 1205 2043 dimidii
1230 2008 1360 2043 unius
1384 2007 1630 2050 columnam
1653 2007 1753 2043 item
1779 2007 1825 2043 in
1851 2007 1919 2043 sol.
1938 2006 2017 2045 292¹.

362 2064 663 2100 Des‘iderantur
690 2065 797 2100 inter
821 2065 907 2100 alia
937 2065 1042 2108 (vide
1053 2075 1064 2100 .·
1090 2067 1165 2102 etc.
1193 2067 1267 2102 etc.
1300 2075 1433 2110 supra
1443 2066 1472 2110 l)
1497 2066 1727 2102 solutiones
1753 2066 2019 2102 obiectorum.

500 2185 519 2217 6
546 2184 742 2226 praecedit]
780 2185 817 2223 -l-
846 2186 1031 2226 praecedit
1139 2186 1180 2218 13
1207 2186 1364 2227 semper]
1399 2196 1510 2227 super
1617 2188 1657 2219 17
1690 2187 1927 2228 cognoscens!
1961 2196 2019 2219 co-

364 2238 558 2279 gnoscendi
654 2238 694 2270 18
721 2238 825 2277 ratio]
852 2239 1054 2271 substantia

501 2355 510 2377 ¹
540 2356 577 2394 II,
605 2356 623 2387 4
650 2355 720 2392 (PL
745 2356 799 2394 32,
828 2356 914 2388 124ss
940 2365 974 2388 n.
1003 2355 1070 2394 10).
