2095 3459
818 182 988 219 Quaestio
1015 184 1099 217 V111.
1754 185 1797 219 87

131 275 267 312 anima
292 278 595 322 cognoscuntur
620 287 693 323 per
720 279 881 323 species
914 280 954 316 in
986 281 1253 327 intelligentia
1280 285 1538 327 expressasl.
1583 283 1672 319 Alia
1698 293 1796 319 vero

131 335 268 370 omnia
292 335 583 372 intellectualia
609 340 912 383 cognoscuntur
938 349 1011 384 per
1038 340 1321 377 similitudines
1347 341 1412 377 vel
1449 341 1609 378 innatas
1638 343 1702 378 vel
1729 343 1797 378 im-

130 403 297 439 pressas
324 395 388 431 vel
415 395 578 431 relictas
605 396 671 432 vel
698 397 903 434 collectas.
953 398 999 434 Et
1037 409 1142 444 quae
1182 401 1485 445 cognoscuntur
1523 411 1596 446 per
1635 402 1795 446 species

131 462 365 498 expressas,
392 455 544 491 habent
569 456 724 492 tantum
752 457 913 501 species
940 458 1231 503 intelligibiles;
1259 469 1364 504 quae
1391 460 1480 495 aliis
1501 461 1630 496 modis
1649 471 1797 507 cogno-

94 514 306 555 sscuntur,
344 515 469 559 agunt
502 515 663 559 species
701 516 989 553 memorabiles
1019 518 1058 553 et
1090 517 1374 563 intelligibiles.
1427 518 1547 555 Cuius
1583 520 1685 556 ratio
1723 521 1795 561 est,

128 572 223 617 quia
247 581 314 609 res
342 582 447 618 quae
475 574 751 611 essentialiter
779 576 841 611 est
867 575 907 611 in
933 576 1078 618 anima,
1119 576 1341 613 essentiam
1378 587 1492 614 suam
1530 578 1697 614 exhibet
1722 588 1794 624 pro

129 631 267 667 habitu
293 633 556 669 memorabili.

429 721 598 759 Solutio
626 723 911 760 obiectorum
937 725 1241 769 <quaestionis
1268 728 1498 767 octavae).
1810 726 1858 763 D.
1881 727 1982 764 VIII.

267 806 298 840 1.
332 804 394 841 Ad
429 805 601 850 primum
636 806 839 842 obiectum
876 807 1092 844 dicendum
1125 809 1232 854 quod
1266 809 1515 855 Augustinus
1542 810 1717 855 loquitur
1743 811 1793 847 de

76 873 108 898 10
126 863 343 908 speciebus
372 873 397 899 a
423 864 615 900 sensibus
641 865 831 910 receptis.
883 865 996 907 Quae
1022 867 1175 904 faciunt
1211 868 1290 904 duo
1329 878 1486 914 genera
1520 869 1718 906 visorum:
1754 870 1794 906 in

125 923 362 968 praesentia
389 923 496 959 enim
521 933 658 960 rerum
682 924 837 961 faciunt
862 925 1064 962 visionem
1091 927 1358 972 corporalem,
1397 928 1437 963 in
1473 928 1661 965 absentia
1693 939 1792 965 vero

125 981 439 1027 imaginativam,
464 992 584 1028 quam
602 985 615 1027 ΙΙ
633 983 938 1030 Augustinus
959 987 1081 1021 vocat
1101 986 1362 1031 spiritualem.
1411 986 1491 1023 Sed
1512 997 1595 1023 non
1617 989 1795 1024 excludit
1816 992 1877 1024 fol.
1898 992 1942 1024 28
1952 996 2001 1024 ra

125 1041 175 1077 ab
203 1041 262 1077 eis
290 1042 452 1087 species
479 1042 789 1085 intellectuales,
816 1044 859 1079 ut
884 1044 1016 1080 visum
1043 1046 1116 1081 est.

263 1101 294 1137 2.
312 1101 352 1137 et
364 1102 396 1137 3.
422 1101 484 1138 Ad
509 1102 733 1138 secundum
757 1103 822 1145 <et
841 1103 1003 1139 tertium
1024 1103 1264 1146 dicendum>
1279 1105 1386 1150 quod
1409 1105 1569 1150 species
1592 1106 1792 1151 duplicem

73 1167 105 1193 15
124 1160 277 1196 habent
297 1161 465 1196 motum:
486 1170 610 1196 unum
630 1161 681 1197 ad
696 1161 811 1203 intra,
832 1162 953 1198 alium
968 1163 1019 1199 ad
1036 1164 1163 1199 extra.
1192 1163 1254 1200 Ad
1269 1164 1374 1200 intra
1389 1165 1561 1209 quidem,
1584 1165 1688 1201 sicut
1702 1175 1790 1202 cum

123 1228 190 1255 res
210 1228 286 1264 per
305 1229 473 1256 sensum
493 1220 692 1266 colligitur
714 1222 753 1256 et
773 1222 823 1257 ad
844 1221 1094 1257 intellectum
1115 1223 1326 1259 deducitur
1354 1224 1393 1259 et
1419 1223 1556 1260 ultimo
1582 1225 1792 1269 reponitur

123 1278 164 1314 in
184 1279 390 1315 memoria.
417 1279 530 1315 Alius
554 1280 616 1316 est
636 1281 768 1316 motus
791 1280 1021 1325 specierum
1042 1281 1093 1317 ad
1115 1282 1241 1317 extra.
1269 1282 1313 1317 V.
1329 1292 1364 1328 g.
1381 1292 1470 1318 cum
1492 1283 1664 1327 species,
1686 1294 1790 1329 quae

125 1338 187 1374 est
211 1338 253 1374 in
279 1338 486 1380 memoria,
522 1340 638 1384 parat
671 1349 723 1375 ex
755 1349 801 1375 se
834 1339 1153 1386 intelligentiam.
1203 1340 1276 1377 Hic
1304 1341 1411 1377 enim
1437 1343 1570 1378 motus
1596 1342 1648 1378 ad
1675 1344 1791 1379 extra

124 1397 197 1433 est.
245 1396 294 1433 Et
319 1407 401 1433 non
428 1398 602 1442 species,
631 1408 736 1443 quae
764 1399 814 1434 de
841 1400 1039 1435 memoria
1065 1400 1312 1445 exprimitur,
1344 1401 1394 1436 ad
1421 1401 1657 1437 memoriam
1685 1412 1791 1438 nunc

71 1463 105 1488 20
122 1456 351 1492 revertitur.
402 1457 514 1493 Haec
541 1457 649 1493 enim
676 1467 759 1494 non
784 1458 1030 1504 intelligitur,
1057 1460 1131 1495 sed
1160 1460 1223 1495 est
1241 1459 1344 1496 ratio
1365 1460 1628 1506 intelligendi.
1674 1461 1787 1501 Quod

122 1516 259 1551 autem
284 1525 367 1552 non
393 1516 650 1562 intelligatur,
677 1518 790 1562 patet
816 1517 910 1562 quia
937 1518 1099 1563 species
1125 1518 1202 1559 illa,
1230 1528 1320 1554 cum
1342 1519 1392 1555 sit
1411 1528 1479 1555 res
1500 1519 1788 1562 intentionalis,

122 1584 205 1611 non
231 1575 355 1611 habet
381 1584 476 1612 esse
503 1576 583 1612 nisi
608 1586 681 1621 per
708 1577 1058 1613 continuationem
1084 1587 1175 1613 cum
1202 1587 1276 1614 sua
1303 1578 1470 1624 origine,
1497 1578 1520 1614 i.
1543 1588 1576 1615 e.
1598 1579 1787 1624 quamdiu

122 1633 352 1671 intellectus
380 1635 630 1672 convertitur
656 1645 780 1680 super
811 1636 1060 1672 memoriam.
1110 1637 1281 1683 Intelligi
1305 1638 1442 1674 autem
1468 1647 1551 1674 non
1588 1639 1789 1683 posse<t,>

122 1693 201 1729 nisi
231 1693 461 1730 intellectus
490 1704 614 1740 super
638 1695 771 1740 ipsam
795 1694 1036 1741 figeret<ur>
1066 1696 1254 1732 absoluta
1281 1697 1624 1733 consideratione.
1671 1697 1788 1734 Unde

69 1759 103 1785 25
122 1762 200 1789 nec
219 1753 454 1799 intelligitur
474 1755 517 1790 ut
538 1754 741 1790 obiectum
760 1776 806 1779 —
832 1755 1017 1800 quamvis
1037 1755 1287 1791 intellectum
1307 1756 1448 1801 rapiat,
1474 1757 1516 1792 ut
1540 1757 1602 1792 est
1622 1757 1787 1793 alterius

121 1811 337 1849 similitudo
363 1833 409 1837 —
434 1823 512 1850 nec
537 1814 747 1859 reponitur
772 1814 813 1850 in
838 1814 1045 1850 memoria.

259 1873 291 1908 4.
326 1872 388 1908 Ad
412 1873 597 1917 quartum
624 1873 841 1909 dicendum
866 1874 974 1918 quod
1000 1884 1084 1910 non
1111 1875 1175 1910 est
1201 1874 1330 1910 simile
1358 1874 1408 1911 de
1434 1875 1641 1911 intellectu
1669 1876 1708 1911 et
1734 1875 1788 1911 af-

119 1930 240 1967 fectu.
291 1930 491 1972 Quoniam
515 1932 745 1968 intellectus
786 1933 849 1968 est
885 1932 1012 1969 virtus
1050 1933 1228 1978 passiva.
1278 1933 1395 1970 Unde
1433 1933 1655 1970 Intellectio
1694 1934 1788 1970 dicit

121 1990 274 2026 motum
299 1991 350 2027 ad
377 1991 566 2033 animam,
605 1992 830 2028 secundum
857 1992 966 2037 quod
992 1992 1287 2029 determinatur
1313 1993 1490 2039 cognitio
1526 1994 1577 2029 ab
1614 1993 1786 2030 obiecto.

67 2054 101 2079 30
119 2048 209 2085 Non
236 2049 294 2086 sic
319 2049 484 2086 affectio
510 2050 578 2087 vel
603 2050 777 2092 dilectio,
805 2052 879 2087 sed
906 2050 1001 2087 dicit
1027 2052 1203 2093 <motum
1229 2052 1281 2088 ad
1309 2053 1443 2095 extra;
1482 2053 1555 2088 sed
1588 2053 1705 2098 quia>
1731 2052 1787 2088 in-

119 2108 305 2144 tellectus
332 2109 544 2155 cognoscit
570 2119 657 2146 rem
682 2119 781 2146 vere
808 2119 882 2155 per
908 2110 1222 2152 similitudinem,
1249 2120 1426 2147 necesse
1452 2112 1516 2147 est
1536 2112 1644 2156 quod
1665 2121 1786 2157 appe-

119 2167 213 2204 titus
240 2168 381 2204 tendat
406 2168 447 2204 in
472 2178 560 2205 rem
585 2169 727 2214 ipsam,
767 2172 874 2211 <non
911 2169 953 2205 in
992 2169 1330 2211 similitudinem>
1380 2169 1535 2206 Caritas
1576 2180 1673 2216 ergo
1712 2181 1785 2215 per

120 2226 421 2263 similitudinem
442 2228 703 2273 cognoscitur
723 2238 747 2265 a
765 2238 811 2265 re
833 2228 1102 2265 differentem.
1143 2229 1223 2265 Sed
1245 2229 1338 2273 quia
1360 2229 1536 2275 cognitio
1557 2239 1631 2274 per
1652 2230 1785 2266 simili-

118 2285 301 2322 tudinem
324 2286 484 2332 attingit
508 2287 569 2323 rei
594 2288 819 2330 veritatem,
859 2288 1106 2324 desiderium
1144 2288 1270 2324 fertur
1301 2288 1343 2324 in
1377 2288 1508 2333 ipsam
1533 2297 1631 2330 rem,
1670 2289 1784 2325 cuius

65 2354 99 2380 ³5
120 2345 183 2381 est
209 2345 425 2382 similitudo
451 2346 493 2382 in
518 2346 608 2391 ipso
634 2347 853 2383 intellectu.

256 2405 289 2440 5.
326 2404 388 2440 Ad
427 2405 609 2450 quintum
646 2406 863 2442 dicendum
901 2407 1008 2451 quod
1049 2406 1234 2451 intelligit
1272 2415 1317 2441 se
1354 2415 1428 2450 per
1472 2406 1782 2442 similitudinem.

120 2463 320 2504 Quoniam
345 2473 429 2500 non
454 2464 555 2509 ipse,
593 2465 634 2501 in
669 2466 864 2510 quantum
899 2467 963 2501 est
996 2465 1066 2500 lux
1092 2466 1293 2510 quaedam
1319 2465 1614 2505 intellectualis,
1653 2465 1783 2501 deter-

118 2523 244 2559 minat
264 2533 321 2565 se,
341 2523 384 2559 in
405 2525 599 2568 quantum
620 2525 730 2567 <est>
745 2525 1060 2569 apprehendens
1083 2525 1123 2560 et
1142 2524 1360 2569 possibilis.
1401 2524 1510 2560 Sicut
1530 2534 1621 2560 cum
1642 2524 1780 2560 oculus

119 2582 341 2627 corporalis
368 2582 480 2618 videt
506 2592 552 2618 se
577 2582 618 2618 in
646 2583 824 2628 speculo.
870 2582 1069 2623 Quoniam
1097 2583 1291 2628 splendor
1317 2584 1421 2619 oculi
1447 2583 1604 2628 perficit
1629 2582 1782 2627 perspi-

66 2649 100 2675 40
120 2640 311 2677 cuitatem
337 2641 436 2677 eius.
485 2641 529 2677 In
556 2652 635 2687 qua
660 2642 951 2687 perspicuitate
977 2642 1087 2687 viget
1112 2642 1238 2677 virtus
1265 2642 1407 2678 visiva.

259 2758 278 2790 2
304 2757 565 2796 similitudines]
592 2758 857 2790 similitudinem
939 2758 957 2789 4
983 2757 1229 2798 intelligibllis]
1260 2757 1300 2794 -lo
1320 2758 1420 2789 cuius
1439 2758 1530 2789 ratio
1558 2759 1614 2790 est
1675 2756 1780 2797 quae]

120 2816 215 2856 quod
320 2817 361 2848 16
389 2818 424 2848 et
448 2816 585 2855 ultimo]
614 2816 652 2854 -l—
684 2817 789 2849 modo
895 2816 936 2848 18
962 2816 1079 2857 parat]
1106 2800 1234 2856 parum
1330 2816 1371 2848 23
1399 2817 1518 2848 autem
1542 2825 1615 2848 non
1643 2814 1780 2856 posset]

121 2868 159 2907 -Ι-
191 2869 421 2902 considerata
445 2870 612 2902 absoluta
706 2870 749 2901 25
774 2868 905 2909 rapiat]
939 2869 1101 2909 rapiatur
1196 2870 1238 2901 27
1276 2868 1452 2909 quartum]
1487 2869 1630 2901 tertium
1663 2869 1698 2900 et
1729 2868 1781 2900 sic

119 2921 290 2962 deinceps
355 2922 397 2954 29
419 2922 615 2954 secundum
636 2921 744 2962 quod]
759 2922 824 2954 sed
845 2921 929 2961 quia
995 2922 1037 2953 30
1058 2922 1135 2954 Non
1150 2921 1212 2961 sic]
1226 2930 1297 2954 non
1314 2921 1438 2963 incipit
1494 2921 1558 2954 sed
1579 2919 1673 2960 dicit]
1688 2921 1779 2953 sicut

256 3038 270 3061 1
294 3039 385 3072 Vide
411 3048 523 3080 supra
547 3049 582 3080 p.
609 3040 651 3072 85
677 3041 800 3072 notam
826 3039 855 3072 6.
