2095 3459
324 189 368 229 66
835 194 856 226 J
859 192 1013 226 ohannis
1038 191 1208 225 Pechami
1234 191 1485 229 Quaestiones.

325 293 358 328 si
385 292 508 332 esset,
536 300 659 336 super
686 299 842 332 omnes,
868 289 990 325 immo
1018 299 1096 325 nec
1123 298 1247 334 super
1273 289 1375 324 duos
1403 288 1591 324 diversos
1619 288 1779 325 cadere.
1816 310 1861 314 —
1899 287 2000 326 Item

324 350 497 396 angelus
528 351 656 391 adest,
692 349 761 385 ubi
787 349 1015 393 operatur1.
1065 347 1113 383 Et
1147 348 1203 383 ita
1238 347 1272 383 si
1308 348 1422 383 esset
1447 356 1576 392 agens
1604 348 1820 392 <respectu
1843 348 1999 390 unius>,

325 419 406 445 non
433 410 576 454 posset
603 408 721 444 simul
747 417 843 444 esse
870 417 999 453 agens
1026 407 1220 451 respectu
1246 406 1425 442 alterius.

463 468 559 503 Ideo
587 467 706 503 tertio
734 467 856 502 modo
892 467 1011 507 <sunt
1036 466 1266 510 ponentes>
1305 465 1414 509 quod
1452 465 1600 509 singuli
1638 466 1732 500 sunt
1769 465 1999 509 intellectus

323 528 507 573 agentes
535 526 575 561 in
602 535 773 570 quorum
798 525 950 561 lumine
978 525 1120 560 vident
1147 523 1296 570 singuli
1322 524 1362 559 et
1388 523 1510 562 multi.
1548 523 1596 559 Et
1615 524 1682 560 Isti
1702 524 1840 560 dicunt
1858 525 2000 569 poten·
2020 532 2036 557 5

328 586 423 621 tiam
450 585 612 621 animae
640 594 735 620 esse
769 578 1021 620 intellectum
1056 584 1260 629 agentem,
1299 583 1457 627 partem
1496 582 1653 619 scilicet
1691 582 1778 618 eius
1814 578 2000 632 activam,

325 645 481 689 partem
508 644 642 679 autem
673 644 760 679 eius
789 643 907 688 quasi
933 642 1189 678 materialem
1215 641 1304 677 eius
1332 651 1428 677 esse
1464 641 1715 677 intellectum
1750 635 2000 686 possibilem.

324 703 370 738 Et
404 704 482 739 hoc
521 704 584 738 est
622 702 729 747 quod
763 702 902 738 dicunt
938 701 1289 745 Philosophum
1328 700 1543 741 dicentem,
1585 701 1777 745 quoniam
1819 701 1922 737 sicut
1959 701 2000 737 in

324 771 571 807 unoquoque
612 762 675 797 est
713 761 863 806 aliquid
903 761 1011 805 quod
1051 761 1115 796 est
1153 759 1337 804 potentia
1375 760 1416 795 et
1454 759 1571 804 quasi
1608 759 1780 795 materia
1814 761 1855 795 et
1892 760 2000 796 aliud

325 822 432 866 quod
461 822 523 856 est
550 830 676 856 causa
702 822 742 856 et
768 829 910 865 agens.
948 840 993 844 -—
1033 818 1113 855 Sed
1142 819 1304 854 contra:
1343 818 1483 863 Agens
1520 819 1560 854 et
1597 818 1768 854 materia
1793 828 2000 863 nunquam
2023 827 2054 852 10

325 879 558 915 coincidunt
584 879 625 914 in
651 879 760 915 idem
788 887 959 914 numero
997 878 1224 914 secundum
1258 877 1642 921 Philosophum2.
1691 877 1790 913 Item
1818 877 2002 922 sequitur

326 939 434 983 quod
461 948 591 983 agens
620 947 665 974 se
692 938 818 974 habet
843 937 895 973 ad
921 937 1173 973 intellectum
1201 935 1454 972 materialem
1482 936 1585 971 sicut
1611 945 1678 971 ars
1711 936 1762 971 ad
1788 936 2001 972 materiam
2072 978 2075 979 ⁷

325 998 365 1033 et
392 997 495 1033 sicut
521 1007 694 1033 movens
721 997 771 1032 ad
800 997 964 1037 motum,
1003 995 1124 1031 immo
1153 995 1256 1031 sicut
1290 995 1361 1030 lux
1399 995 1450 1030 ad
1490 994 1737 1039 diaphanum
1776 995 2001 1031 secundum

325 1055 808 1092 Commentatoremss.
859 1054 975 1090 Nulla
1001 1055 1139 1090 autem
1164 1054 1295 1090 forma
1322 1063 1367 1089 se
1394 1054 1519 1089 habet
1544 1054 1586 1089 ut
1621 1053 1770 1089 artifex
1807 1054 2000 1098 respectu

324 1115 520 1151 materiae
537 1124 648 1151 suae.
674 1114 931 1159 Impossibile
943 1116 1091 1159 <ergo>
1104 1114 1167 1148 est
1181 1112 1430 1148 intellectum
1446 1113 1648 1158 agentem,
1664 1113 1715 1148 de
1731 1121 1811 1157 quo
1825 1112 2002 1157 loquitur
2022 1126 2054 1151 15

324 1174 672 1219 Philosophus,
716 1182 812 1209 esse
839 1174 999 1218 partem
1025 1172 1200 1213 animae,
1239 1181 1330 1207 cum
1356 1171 1408 1206 sit
1438 1193 1481 1196 —-
1517 1172 1560 1207 ut
1594 1171 1683 1216 ipse
1719 1170 1838 1207 dicit4
1863 1192 1909 1196 —
1935 1172 2002 1207 ab-

325 1234 499 1269 stractus
521 1233 727 1268 immixtus
750 1242 885 1277 neque
906 1231 1112 1276 passibilis
1129 1232 1170 1267 et
1184 1232 1248 1267 est
1262 1231 1302 1266 in
1318 1240 1394 1266 sua
1408 1230 1637 1266 substantia
1651 1229 1757 1265 actio
1774 1231 1814 1266 et
1829 1230 2002 1266 scientia

324 1292 364 1327 in
391 1293 484 1328 actu
504 1293 627 1336 atque
649 1292 805 1334 <idem>
826 1292 890 1327 est
916 1301 1006 1327 cum
1036 1300 1092 1333 re,
1119 1300 1255 1335 neque
1285 1289 1473 1335 intelligit
1494 1290 1740 1334 quandoque
1762 1290 1803 1324 et
1823 1290 2003 1334 quando-

325 1360 403 1395 que
430 1361 513 1387 non
539 1351 725 1396 intelligit
752 1351 827 1386 etc.
876 1350 947 1385 Est
985 1359 1084 1395 ergo
1120 1350 1160 1385 in
1196 1349 1333 1385 anima
1368 1349 1600 1384 intellectus
1636 1348 1701 1384 hic
1733 1357 1862 1394 agens
1898 1349 2003 1384 sicut

325 1410 519 1446 motivum
545 1410 585 1445 in
612 1411 734 1445 moto.
785 1408 884 1445 Cum
911 1410 1048 1445 tamen
1076 1408 1166 1453 ipsa
1192 1408 1328 1444 anima
1355 1409 1505 1444 habeat
1530 1407 1681 1452 aliquid
1708 1407 1896 1449 activum,
1926 1407 2001 1443 sed
2021 1419 2055 1445 20

325 1479 407 1505 non
433 1469 595 1514 aliquid,
623 1469 673 1505 de
695 1478 775 1513 quo
796 1478 922 1504 verae
950 1469 1045 1503 sunt
1071 1468 1307 1513 praedictae
1335 1468 1619 1512 proprietates.
1671 1465 1787 1507 Quod
1816 1467 1850 1502 si
1877 1468 2000 1508 esset,

326 1537 513 1564 essemus
541 1528 659 1564 simul
685 1527 822 1563 omnia
849 1527 1030 1563 scientes
1059 1527 1284 1562 secundum
1311 1535 1434 1562 unam
1459 1526 1615 1571 partem
1641 1528 1682 1561 et
1709 1526 1845 1561 omnia
1870 1525 2002 1561 nesci-

326 1588 442 1622 entes
474 1587 699 1623 secundum
732 1586 852 1622 aliam
887 1587 1056 1631 partem.
1116 1584 1234 1626 Quod
1269 1586 1333 1621 est
1368 1585 1631 1630 impossibile.
1682 1583 1781 1620 Cum
1809 1585 1917 1620 enim
1944 1584 2002 1620 in-

325 1646 508 1691 telligere
536 1645 587 1681 sit
616 1645 821 1681 coniuncti
848 1655 901 1681 ex
934 1645 1071 1681 anima
1103 1646 1144 1680 et
1179 1653 1363 1689 corpore,
1402 1644 1526 1680 multo
1565 1643 1695 1689 magis
1734 1643 1885 1679 nullum
1926 1640 2001 1679 erit

325 1704 552 1750 intelligere
579 1704 740 1740 animae
770 1704 994 1740 secundum
1021 1713 1144 1739 unam
1168 1703 1337 1748 partem,
1365 1703 1472 1748 quod
1494 1712 1576 1739 non
1599 1702 1650 1738 sit
1670 1702 1708 1738 ei
1730 1702 1834 1738 scire
1856 1711 2001 1738 secun·
2020 1713 2054 1738 25

325 1764 419 1799 dum
444 1763 575 1799 aliam.
625 1763 881 1807 Impossibile
909 1765 1057 1808 <ergo>
1085 1764 1148 1798 est
1174 1762 1306 1798 lucem
1332 1762 1508 1807 aliquam
1538 1761 1765 1797 naturalem
1791 1770 1916 1806 posse
1944 1761 2001 1796 ln-

326 1822 530 1858 tellectum
557 1822 777 1857 humanum
805 1821 1056 1857 constituere
1083 1821 1123 1856 in
1151 1822 1244 1857 actu
1270 1820 1533 1866 intelligendi.

464 1881 560 1916 Ideo
590 1881 653 1916 est
679 1881 823 1925 quarta
849 1880 998 1925 positio
1026 1880 1247 1916 dicentium
1274 1880 1383 1924 quod
1416 1879 1526 1915 Deus
1562 1879 1722 1924 perficit
1746 1888 1909 1915 omnem
1943 1878 2001 1914 in-

325 1940 532 1976 tellectum
559 1940 599 1975 et
624 1939 665 1975 in
692 1940 785 1975 actu
812 1939 1022 1975 constituit
1059 1939 1314 1984 intelligendi
1340 1948 1423 1974 non
1450 1948 1523 1983 per
1550 1932 1607 1981 se,
1635 1939 1708 1974 sed
1736 1947 1810 1983 per
1834 1937 1999 1983 aliquod

325 1999 461 2035 lumen
489 2000 681 2035 creatum.
733 1998 850 2038 Quod
886 1998 1009 2034 etiam
1044 1999 1219 2043 probare
1256 2007 1302 2034 se
1338 1998 1510 2034 credunt
1541 2007 1614 2042 per
1640 1998 1810 2033 verbum
1836 1996 2000 2042 Augu·
2020 2007 2053 2032 30

327 2058 444 2094 stini
470 2058 641 2094 dicentis
674 2057 733 2093 De
772 2058 879 2093 Prin.
906 2057 973 2093 XII
1000 2067 1087 2102 cap.
1115 2059 1202 2093 15⁵:
1243 2056 1521 2101 „Credendum
1546 2057 1633 2098 est,
1672 2056 1811 2101 inquit,
1851 2055 1999 2091 mentis

326 2117 612 2153 intellectualis
635 2117 691 2153 ita
712 2117 917 2153 conditam
939 2126 1035 2153 esse
1056 2118 1253 2158 naturam,
1280 2117 1323 2151 ut
1342 2117 1466 2152 rebus
1487 2115 1805 2160 intelligibilibus
1827 2115 2001 2150 naturali

327 2176 469 2212 ordine
498 2176 743 2221 disponente
770 2177 856 2212 tota
882 2177 1019 2212 mente
1048 2176 1106 2211 sic
1125 2175 1204 2211 ista
1224 2175 1362 2211 videat
1382 2175 1422 2210 ln
1444 2175 1616 2219 quadam
1640 2174 1702 2210 sui
1722 2174 1813 2210 luce
1834 2174 2000 2219 generis

327 2236 582 2280 incorporea,
621 2235 964 2280 quemadmodum
992 2234 1134 2270 oculus
1174 2234 1308 2270 carnis
1335 2234 1448 2270 videt
1486 2243 1591 2278 quae
1627 2234 1667 2269 in
1696 2236 1772 2269 hac
1800 2242 2001 2277 corporea

326 2294 416 2329 luce
456 2293 831 2338 circumadiacentf‘
883 2293 995 2329 Haec
1034 2293 1355 2338 Augustinus.
1407 2292 1528 2328 Dicas
1569 2293 1677 2337 quod
1716 2292 1851 2328 anima
1888 2291 2001 2327 videt
2020 2300 2054 2325 35

327 2353 368 2388 in
393 2353 484 2388 luce
512 2352 575 2388 sui
599 2352 776 2397 generis,
817 2361 914 2397 ergo
941 2352 982 2387 in
1008 2352 1099 2388 luce
1135 2353 1274 2388 creata
1287 2354 1312 2388 6.
1358 2351 1444 2387 Sed
1483 2352 1590 2396 quod
1628 2351 1699 2386 lux
1738 2350 1800 2386 sui
1833 2350 1999 2395 generis

327 2411 565 2456 appellatur,
592 2421 674 2447 non
702 2411 847 2447 dicitur
866 2411 991 2453 <nisi>
1013 2411 1107 2455 quia
1134 2411 1353 2455 spiritualis
1381 2412 1454 2451 est,
1486 2410 1590 2446 sicut
1615 2411 1728 2455 patet
1755 2419 1807 2445 ex
1833 2418 2000 2454 praece-

329 2470 440 2506 denti
458 2470 645 2514 capitulo,
661 2470 729 2506 ubi
748 2470 893 2506 dicitur
914 2471 1022 2514 quod
1040 2470 1109 2506 illa
1128 2470 1199 2505 lux
1220 2471 1260 2506 et
1279 2470 1473 2510 rationes,
1489 2470 1528 2505 in
1551 2479 1630 2514 qua
1649 2469 1785 2505 omnia
1799 2468 1999 2508 videntur,

328 2529 679 2565 incommutabiles
707 2530 801 2565 sunt
828 2530 867 2565 et
894 2529 1182 2573 sempiternae.
1232 2528 1349 2564 Unde
1372 2528 1689 2574 Augustinus,
1710 2527 1753 2563 ΙΙ.
1777 2527 1832 2562 De
1854 2527 1999 2562 Libero

328 2588 514 2623 Arbitrio
540 2588 723 2624 ultimo7:
761 2588 898 2630 „Nullo
925 2588 1070 2629 <modo
1097 2588 1341 2633 negaveris>
1377 2597 1472 2623 esse
1491 2586 1870 2625 ,incommutabilem
1897 2585 1999 2621 veri·
2017 2592 2050 2617 40

469 2675 487 2707 9
515 2673 746 2715 unoquoque]
771 2675 807 2712 ÷
827 2675 923 2715 quod
997 2675 1038 2706 12
1059 2673 1295 2712 materialem}
1316 2674 1514 2706 naturalem
1604 2674 1642 2705 17
1665 2671 1862 2713 passibilis]
1882 2672 1998 2712 possi-

329 2728 409 2760 bilis
500 2728 540 2759 18
562 2727 684 2768 atque]
705 2728 751 2760 ad
772 2736 866 2767 quae
941 2728 982 2760 19
1011 2727 1091 2766 etc]
1116 2727 1150 2763 4
1171 2728 1226 2759 est
1247 2736 1334 2768 ergo
1352 2727 1386 2759 in
1407 2727 1526 2759 anima
1545 2726 1711 2766 intelligit
1731 2726 1797 2757 eto.
1872 2725 1910 2757 21
1936 2725 1998 2756 ali—

331 2780 427 2820 quid]
454 2781 548 2813 aliud
645 2781 687 2812 40
713 2780 843 2818 <modo
869 2779 1100 2821 negaveris>]
1129 2780 1267 2812 lacuna

468 2863 479 2885 1
506 2864 822 2902 Damascenus,
849 2864 900 2896 De
924 2864 1014 2896 Fide
1042 2863 1211 2896 Orthoda
1236 2863 1274 2901 II,
1304 2863 1345 2895 13
1371 2862 1447 2901 (PG
1473 2863 1526 2901 94,
1554 2861 1646 2898 854).

468 2916 483 2938 2
508 2917 560 2949 De
586 2917 673 2949 Gen.
703 2915 826 2949 Am'm.
853 2916 876 2955 I,
904 2917 964 2954 21;
993 2916 1045 2949 De
1072 2917 1159 2949 Gen.
1185 2917 1220 2948 et
1246 2916 1326 2948 Cor.
1353 2916 1376 2954 Ι,
1405 2917 1434 2947 7.

468 2968 483 2990 3
508 2969 560 3001 De
586 2969 725 3002 Anima
750 2969 802 3008 ΙΙΙ,
831 2969 849 3001 4
876 2968 909 3008 (1
938 2970 1026 3001 text.
1054 2967 1089 3007 5)
1116 2965 1191 3009 (fol.
1220 2969 1318 3007 1452
1347 2969 1410 3000 147
1423 2974 1443 3007 r,
1473 2968 1536 2999 152
1550 2966 1585 3006 Ι”).

469 3020 483 3042 4
508 3022 559 3054 De
586 3021 725 3054 Anima
750 3022 802 3061 III,
826 3023 844 3053 5
865 3020 968 3060 (text.
997 3022 1048 3054 19.
1191 3020 1206 3042 5
1235 3020 1287 3053 PL
1314 3022 1367 3059 42,
1396 3021 1481 3052 1011
1509 3029 1541 3052 n.
1570 3020 1622 3052 24.
1851 3031 1858 3035 ·

425 3087 431 3089 -
469 3073 483 3095 ⁶
509 3074 578 3107 Cfr.
606 3075 657 3107 De
680 3075 793 3107 Hum.
822 3074 933 3114 Coyn.
961 3075 1043 3107 Rat.
1071 3083 1105 3114 p.
1127 3074 1169 3106 89
1196 3072 1281 3112 (10).
1424 3072 1437 3094 7
1463 3073 1501 3111 II,
1524 3073 1564 3105 12
1591 3071 1662 3109 (PL
1681 3072 1734 3110 32,
1757 3072 1844 3104 1259
1871 3081 1904 3104 n.
1926 3069 1995 3111 33).
