2095 3459
797 193 969 230 Quaestio
995 194 1034 226 X.
1720 191 1766 226 89

89 291 220 327 minus
247 300 373 336 posse
402 290 570 326 liberam
598 299 718 335 quam
752 290 858 326 mole
886 289 1107 326 brutissimi
1134 290 1318 335 corporis
1346 290 1610 335 ingravatam.
1653 290 1766 327 Talia

89 349 197 386 enim
218 349 446 395 intelligere
468 359 593 394 posse
616 359 697 385 non
719 349 881 385 dubium
908 350 971 385 est
995 350 1035 384 et
1060 349 1232 394 angelos
1261 350 1301 385 et
1327 350 1555 394 potestates
1582 351 1763 386 aereas.“

227 410 258 444 4.
287 408 384 444 Item
406 408 730 453 Augustinus,
751 408 831 443 XII.
854 408 1011 452 „Super
1031 407 1149 444 Genf‘
1164 411 1195 444 ¹:
1224 408 1402 453 „Corpus
1424 418 1506 444 non
1528 409 1662 450 sentit,
1690 410 1763 445 sed

87 468 224 505 anima
259 477 333 513 per
368 477 528 512 corpus,
568 477 648 512 quo
683 467 795 503 velut
830 467 971 503 nuntio
1008 468 1129 503 utitur
1163 468 1213 503 ad
1249 467 1482 503 faciendum
1515 468 1555 504 in
1582 478 1628 504 se
1656 469 1764 513 quod

53 535 69 560 5
89 527 348 563 extrinsecus
375 526 614 562 nuntiatur.“
667 526 709 562 Si
734 526 855 572 igitur
880 527 920 561 in
947 536 1074 563 sensu
1101 535 1249 571 corpus
1276 536 1359 562 non
1388 527 1451 562 est
1483 527 1561 563 nisi
1587 528 1764 569 nuntius,

89 593 263 632 quaero:
299 586 378 621 Aut
414 587 477 621 est
504 585 668 621 nuntius
696 585 962 631 congruitatis
988 586 1058 621 aut
1084 585 1345 621 necessitatis
1359 584 1378 621 ἱ)
1430 585 1471 622 Si
1497 587 1763 632 congruitatis

89 646 255 685 tantum,
292 654 390 691 ergo
426 645 563 689 potest
599 644 754 680 sentire
790 644 878 680 sine
915 644 1016 689 ipso.
1068 644 1184 685 Quod
1220 645 1356 680 autem
1392 654 1474 680 non
1511 645 1562 681 sit
1599 646 1763 682 nuntius

89 704 350 741 necessitatis
379 704 618 740 ostenditur.
670 703 773 743 Quia
793 703 929 739 anima
949 703 1220 748 apprehendit
1247 704 1455 740 exteriora
1480 713 1553 749 per
1579 704 1764 740 ordinem

90 763 152 799 sui
177 764 228 800 ad
255 772 324 799 res
349 764 477 799 extra.
523 763 563 798 In
585 764 709 799 rebus
730 763 867 798 autem
888 763 1000 798 recte
1022 762 1220 798 ordinatis
1241 772 1459 807 numquam
1480 763 1608 809 magis
1630 762 1765 799 differt

38 834 71 860 10
90 823 316 859 secundum
342 832 367 858 a
392 822 521 867 primo
549 831 668 866 quam
695 821 857 857 tertium
884 831 909 857 a
935 822 1129 857 secundo.
1180 821 1297 858 Unde
1332 822 1536 858 elementa
1572 822 1765 858 habentia

89 882 253 927 plenam
291 881 624 917 contrarietatem
663 881 905 925 copulantur
942 880 1117 916 invicem
1151 889 1226 925 per
1262 890 1397 922 unum,
1445 882 1553 926 quod
1589 891 1764 917 commu—

90 940 198 977 nicat
219 950 309 976 cum
330 941 514 985 utroque,
536 940 641 976 sicut
660 941 770 976 terra
791 941 831 975 et
850 940 923 975 aer
942 949 1016 984 per
1035 949 1184 984 aquam
1195 942 1220 975 2.
1251 939 1356 985 Ergo
1378 949 1468 975 cum
1489 950 1636 985 corpus
1658 950 1764 976 com-

89 999 370 1045 plexionatum
397 999 448 1035 sit
474 998 709 1035 dissimilius
735 998 898 1034 animae
925 1008 1046 1043 quam
1071 998 1323 1034 intentiones
1343 998 1411 1034 vel
1434 998 1524 1044 ipsa
1549 999 1630 1040 lux,
1657 1008 1763 1044 quae

90 1059 230 1095 movet
267 1068 447 1100 sensum,
486 1067 731 1103 quamquam
768 1058 883 1093 recto
923 1057 1066 1093 ordine
1102 1066 1251 1102 corpus
1288 1057 1662 1102 complexionatum
1696 1058 1764 1094 vel

42 1127 73 1154 15
92 1127 290 1164 organum
315 1118 452 1163 potest
478 1126 574 1153 esse
601 1117 779 1153 medium
805 1117 875 1153 aut
900 1117 1064 1152 nuntius
1100 1116 1204 1152 inter
1238 1116 1415 1152 animam
1451 1118 1491 1153 et
1521 1126 1608 1153 rem
1634 1117 1764 1153 sensi-

90 1177 224 1219 bilem,
250 1179 358 1220 <non
383 1178 522 1213 tamen
549 1177 613 1212 est
639 1176 816 1212 medium
843 1175 1140 1217 necessitatis>

231 1237 263 1272 5.
289 1235 389 1272 Item
416 1235 736 1281 Augustinus,
763 1235 822 1271 De
837 1234 1003 1279 Spiritu
1029 1237 1065 1270 et
1084 1235 1242 1271 Anima
1268 1235 1518 1279 paenultimo
1540 1235 1762 1280 capituloss:

94 1295 262 1339 „Anima
287 1294 514 1340 phantasiis
541 1294 811 1339 corporalium
838 1293 1173 1339 imaginationum
1199 1293 1449 1330 deformatur
1475 1294 1642 1335 eisdem,
1669 1294 1764 1339 quia

91 1355 134 1391 in
159 1364 205 1391 se
231 1354 455 1399 impressis,
484 1353 605 1390 etiam
631 1354 765 1389 soluta
790 1362 814 1389 a
840 1362 1024 1398 corpore,
1064 1363 1146 1389 non
1173 1353 1365 1389 exuitur.“
1419 1352 1499 1389 Sed
1526 1353 1762 1398 corporales

40 1422 74 1448 20
92 1413 293 1459 imagines
319 1423 404 1449 non
430 1414 524 1449 sunt
550 1413 629 1448 nisi
653 1412 694 1448 in
715 1412 863 1448 virtute
883 1412 1156 1458 imaginativa.
1200 1412 1304 1458 Ergo
1325 1412 1462 1448 anima
1482 1421 1622 1448 secum
1642 1412 1763 1449 trahit

92 1472 174 1509 vim
199 1471 503 1518 imaginativam
530 1473 570 1508 et
597 1472 743 1507 eadem
768 1471 928 1507 ratione
955 1471 1055 1507 alias
1077 1471 1187 1507 vires
1214 1470 1446 1507 sensitivas.
1484 1470 1532 1506 Et
1551 1471 1607 1507 ita
1625 1472 1763 1516 potest

94 1530 271 1568 carnalis
297 1530 387 1567 dici.

233 1591 265 1626 6.
292 1589 392 1626 Item
419 1590 527 1635 quod
554 1598 701 1634 corpus
729 1599 811 1625 non
839 1589 890 1624 sit
916 1589 966 1625 de
993 1588 1243 1625 necessitate
1271 1589 1477 1625 sentiendi
1511 1589 1673 1625 videtur
1707 1589 1762 1625 di—

95 1650 214 1686 cente
250 1648 544 1694 Augustino,
581 1648 647 1684 Ad
679 1648 999 1684 Volusianum⁴z
1040 1647 1193 1691 „Sentit
1226 1648 1363 1683 anima
1396 1648 1562 1692 praeter
1596 1657 1761 1684 carnem

43 1716 211 1745 255uam
235 1707 302 1744 ibi.
351 1707 482 1744 Sentit
507 1707 668 1753 quippe,
706 1707 774 1743 ubi
799 1707 943 1743 videt.“
993 1706 1040 1742 Et
1078 1707 1227 1743 deinde
1266 1706 1427 1742 videtur
1464 1706 1613 1748 dicere,
1653 1707 1761 1752 quod

95 1767 229 1809 sentit,
255 1767 325 1804 ubi
349 1777 433 1803 non
458 1766 567 1802 vivit.
615 1766 720 1812 Ergo
760 1766 794 1802 si
827 1766 950 1802 sentit
975 1766 1111 1802 anima
1146 1766 1331 1801 existens
1370 1765 1411 1801 in
1446 1775 1570 1802 carne
1596 1766 1762 1811 praeter

96 1835 271 1867 carnem,
298 1835 394 1862 caro
421 1835 504 1862 non
531 1826 594 1862 est
619 1826 670 1862 de
696 1825 946 1861 necessitate
973 1825 1187 1861 sentiendi.

234 1886 266 1921 7.
299 1885 400 1921 Item
432 1884 785 1930 Philosophus5
820 1884 934 1920 dicit:
974 1883 1112 1927 „Quod
1139 1883 1174 1919 si
1200 1893 1332 1919 senex
1358 1883 1565 1929 acciperet
1590 1884 1761 1925 oculum,

95 1943 255 1979 videret
280 1943 384 1980 sicut
409 1943 602 1980 iuvenis.“
652 1943 713 1979 Ex
738 1953 817 1989 quo
845 1943 1053 1989 colligitur,
1090 1943 1198 1988 quod
1231 1943 1321 1987 ipsa
1351 1942 1488 1978 anima
1514 1952 1595 1978 non
1622 1942 1760 1978 debili-

44 2008 79 2035 30
97 2002 213 2039 tatur.
263 2002 344 2039 Sed
379 2003 414 2038 si
447 2003 583 2039 anima
618 2012 790 2048 corpore
824 2002 1031 2039 debilitato
1070 2012 1151 2038 non
1188 2001 1420 2038 debilitatur
1454 2010 1531 2037 nec
1570 2002 1759 2046 corrupto

97 2061 374 2106 corrumpitur,
401 2071 499 2107 ergo
526 2061 662 2098 anima
687 2061 885 2097 sensitiva
910 2071 1000 2097 cum
1027 2070 1200 2105 corpore
1225 2070 1308 2096 non
1328 2060 1505 2096 moritur.
1543 2059 1647 2105 Ergo
1670 2069 1760 2095 cum

96 2129 180 2156 non
206 2119 258 2156 sit
284 2120 417 2156 otiosa
443 2127 643 2165 separata,
669 2121 806 2165 potest
832 2120 952 2156 etiam
980 2120 1172 2165 separata
1198 2119 1351 2155 sentire
1379 2120 1419 2155 et
1444 2128 1624 2155 movere.

235 2179 268 2215 8.
294 2179 394 2215 ltem
419 2179 589 2225 angelus
617 2179 829 2225 cognoscit
853 2178 1111 2223 particularia
1136 2187 1209 2223 per
1235 2187 1403 2214 sensum
1430 2177 1687 2214 differentem
1708 2178 1760 2213 al)

96 2237 315 2274 intellectu.
365 2237 469 2274 Dicit
495 2238 603 2274 enim
628 2238 995 2284 <Augustinus‚>
1015 2237 1171 2273 Contra
1190 2237 1482 2273 Academicos6
1507 2237 1558 2272 de
1584 2236 1760 2281 quodam

44 2306 79 2333 35
97 2297 279 2341 accepto,
306 2296 375 2341 qui
400 2297 593 2343 cognovit
618 2297 739 2333 alium
764 2306 929 2333 versum
955 2296 1147 2341 cogitare,
1174 2295 1346 2340 qualiter
1366 2295 1444 2331 hoc
1461 2295 1592 2336 fieret,
1618 2294 1758 2331 dicens

97 2354 213 2391 talia:
250 2354 372 2398 „Cum
396 2355 438 2391 in
463 2355 701 2391 memoriam
727 2356 909 2391 nostram
934 2355 1132 2395 venerint,
1168 2364 1250 2389 non
1277 2354 1341 2389 est
1365 2353 1519 2394 mirum,
1554 2353 1588 2388 si
1619 2353 1761 2388 sentiri

96 2413 258 2458 possint
283 2414 334 2449 ab
360 2413 589 2449 huiusmodi
609 2413 730 2451 aeriis
750 2413 1034 2454 animantibus,
1062 2422 1164 2457 quos
1185 2413 1410 2448 daemones
1430 2412 1590 2447 vocant.
1625 2411 1660 2446 A
1680 2420 1758 2455 quo

96 2481 173 2508 nos
199 2472 384 2517 separari
408 2473 596 2508 acumine
617 2482 813 2508 sensuum
832 2481 957 2517 posse
979 2472 1113 2513 credo,
1138 2470 1297 2507 ratione
1316 2471 1452 2506 autem
1470 2471 1611 2515 nego.“
1654 2468 1758 2505 Ecce

237 2576 257 2608 4
283 2575 397 2615 velut]
418 2576 527 2608 velud
624 2576 665 2608 10
691 2575 862 2614 secundo]
888 2576 1003 2615 primo
1100 2575 1142 2606 15
1167 2573 1333 2612 medium]
1362 2574 1399 2611 -Ι-
1428 2573 1656 2605 necessitatis

239 2680 252 2703 ¹
278 2682 348 2721 XII,
376 2682 418 2715 24
445 2680 516 2721 (PL
541 2681 595 2720 34,
624 2682 688 2713 475
714 2690 747 2713 n.
776 2679 850 2720 51);
877 2681 939 2712 cir.
966 2680 1018 2719 111,
1047 2681 1066 2712 5
1092 2678 1153 2719 (ib.
1180 2678 1271 2718 282).

237 2733 252 2755 2
277 2734 348 2767 Cir.
373 2734 426 2767 De
453 2735 539 2767 Gen.
566 2735 600 2766 et
625 2733 728 2767 Corr.
753 2733 792 2772 Π,
820 2733 849 2765 4.

237 2786 253 2809 3
277 2796 306 2820 c.
334 2787 377 2820 32
403 2786 475 2827 (PL
501 2788 554 2826 40,
582 2785 673 2826 801).
722 2787 793 2818 Iste
818 2786 908 2818 liber
931 2786 1041 2817 habet
1065 2785 1186 2825 capita
1211 2785 1265 2816 65.

237 2839 252 2862 4
276 2840 342 2881 Ep.
371 2841 436 2872 137
463 2838 568 2879 (alias
589 2838 625 2878 3)
651 2837 720 2878 (PL
740 2839 794 2877 33,
817 2838 880 2870 547
900 2847 934 2870 n.
956 2836 1000 2877 5).
1052 2837 1259 2877 „Quomodo
1284 2837 1392 2877 igitur
1418 2836 1537 2868 anima
1563 2841 1656 2876 quae
1679 2835 1761 2867 sunt

100 2893 205 2925 extra
230 2902 377 2926 carnem
402 2901 504 2925 suam
530 2892 647 2931 sentit,
676 2900 769 2932 quae
794 2890 936 2923 nonnisi
959 2891 995 2922 in
1020 2898 1130 2922 carne
1155 2898 1222 2921 sua
1246 2888 1362 2921 vivit?
1383 2914 1389 2921 .
1411 2914 1418 2921 .
1439 2914 1446 2920 .
1495 2888 1551 2920 An
1576 2888 1694 2926 sentit,
1726 2887 1761 2919 et

99 2945 160 2978 ubi
182 2954 256 2978 non
279 2945 397 2978 vivit?
445 2945 537 2982 Quia
561 2953 641 2976 cum
666 2945 703 2977 in
728 2953 797 2976 sua-
820 2944 956 2976 tantum
981 2951 1092 2975 carne
1117 2942 1226 2981 vivat,
1252 2942 1361 2973 sentit
1386 2941 1493 2973 etiam
1519 2941 1554 2972 in
1579 2941 1634 2972 his
1659 2940 1759 2978 locis,

101 3006 195 3038 quae
220 2999 367 3039 praeter
392 2998 469 3030 eius
495 3006 642 3030 carnem
667 2997 851 3029 continent
876 3005 930 3035 ea,
958 2997 1051 3036 quae
1076 2995 1191 3036 tangit
1215 2993 1397 3034 aspectu.“

237 3049 253 3073 ⁵
276 3051 329 3084 De
352 3050 492 3084 Anima
517 3051 541 3090 I,
568 3050 598 3083 4.
740 3048 756 3071 ⁶
778 3049 802 3088 I,
830 3050 849 3082 7
875 3047 946 3088 (PL
971 3049 1024 3087 32,
1051 3048 1118 3081 916
1143 3056 1177 3080 n.
1204 3045 1272 3086 20).
