2095 3459
116 1377 177 1409 fol.
199 1378 267 1409 58υ
280 1385 302 1408 a

322 215 388 249 216
847 218 868 250 J
872 218 998 250 oannis
1024 218 1191 251 Pechami
1217 219 1455 255 Quaestionis.

322 313 538 358 imagInem
575 313 702 358 ipsius
738 314 853 350 nasci
887 314 928 350 in
964 324 1038 350 sua
1073 315 1338 360 cognitione.“
1390 315 1436 350 Et
1462 316 1620 353 infra&
1657 316 1982 361 „Quamcumque

320 381 406 407 rem
432 381 547 409 mens
575 372 683 416 cupit
709 373 900 418 cogitare,
940 372 1027 409 eius
1059 373 1361 409 similitudinem
1387 374 1427 409 in
1455 384 1529 410 sua
1555 375 1788 420 cognitione
1816 376 1984 411 conatur

322 430 583 474 exprimere.“

460 488 558 524 Dico
586 489 886 525 similitudinem
912 490 1096 526 relictam
1123 490 1227 526 sicut
1252 500 1313 532 ea,
1340 500 1445 536 quae
1470 492 1743 528 essentialiter
1761 492 1924 528 fuerunt
1943 492 1984 528 in

320 547 456 583 anima
483 548 523 582 et
549 557 643 583 esse
670 548 891 590 desierunt,
929 549 1093 593 aliquod
1120 549 1337 594 vestigium
1371 549 1412 585 in
1439 550 1575 585 anima
1600 550 1842 595 relinquunt,
1881 551 1984 587 sicut
2004 554 2019 578 5

321 607 430 647 (est)
457 606 507 642 de
534 607 694 643 animae
721 607 1018 649 affectionibus,
1060 607 1164 643 sicut
1196 609 1236 643 et
1267 608 1318 644 de
1349 608 1431 644 fide
1459 609 1554 644 dicit
1578 608 1900 654 Augustinus,
1927 610 1985 645 De

327 665 433 700 Trin.
460 664 558 707 XIV,
585 675 670 710 cap.
697 667 763 702 32:
804 666 867 709 „In
892 666 1026 702 futuro
1053 676 1132 702 non
1158 665 1292 708 fidem,
1333 667 1406 703 sed
1443 667 1530 703 eius
1556 667 1667 703 velut
1701 668 1985 714 imaginarium

321 723 535 769 vestigium
561 724 602 759 in
627 724 825 760 memoria
849 725 1094 766 reconditur,
1125 725 1411 761 recordatione
1439 726 1754 762 contuebimur.“
1806 726 1852 762 Et
1879 727 1985 763 simi-

320 783 412 818 liter
439 783 533 818 dicit
559 783 701 820 eodem
729 783 849 826 libro,
875 793 961 828 cap.
987 784 1044 819 9³.

460 842 558 878 Dico
586 842 886 878 similitudinem
913 842 1134 884 collectam,
1166 843 1269 879 sicut
1297 853 1349 879 ex
1374 844 1525 888 regulis
1552 844 1728 880 iustitiae
1756 844 1877 880 etiam
1902 854 1985 880 non
2007 847 2038 872 10

321 901 478 936 habens
506 901 697 937 iustitIam
723 902 859 946 potest
885 901 960 937 sibi
986 901 1162 946 aliquam
1189 902 1380 947 colligere
1406 902 1583 939 iustitiae
1604 903 1824 939 notionem.
1867 903 1985 939 Unde

321 960 646 1005 Augustinus,
672 961 731 996 De
763 961 870 996 Trin.
896 960 959 1001 IX,
987 970 1073 1005 cap.
1093 962 1159 996 84:
1197 961 1261 1004 „In
1287 963 1458 997 aeterna
1484 962 1667 1003 veritate,
1695 971 1748 997 ex
1775 972 1853 1007 qua
1877 962 1986 998 facta

323 1020 415 1054 sunt
442 1019 588 1060 omnia,
623 1018 804 1060 formam,
844 1020 1069 1055 secundum
1095 1030 1215 1065 quam
1243 1030 1393 1061 sumus,
1422 1021 1512 1056 visu
1538 1021 1685 1056 mentis
1712 1021 1983 1065 conspicimus

322 1079 443 1122 atque
470 1077 564 1113 inde
591 1079 833 1122 conceptam
859 1088 1050 1114 veracem
1076 1088 1211 1114 rerum
1237 1079 1421 1114 notitiam
1446 1080 1652 1124 tamquam
1678 1081 1846 1116 verbum
1878 1080 1983 1125 apud

322 1146 397 1172 nos
424 1137 654 1172 habemus.“
2006 1141 2037 1166 15

460 1195 583 1241 Igitur
602 1205 669 1231 res
689 1195 962 1241 intelligibiles
983 1205 1056 1241 per
1077 1206 1133 1238 se,
1162 1196 1316 1232 scilicet
1336 1196 1579 1241 spirituales,
1605 1207 1688 1233 non
1709 1197 1985 1243 intelliguntur

322 1264 395 1299 per
421 1255 582 1299 species
608 1255 847 1290 abstractas.
898 1254 980 1291 Sed
1019 1255 1053 1291 si
1092 1256 1185 1291 sunt
1224 1255 1499 1292 essentialiter
1525 1257 1565 1291 et
1590 1256 1918 1301 praesentialiter
1944 1256 1985 1292 in

323 1314 467 1355 anima,
507 1315 810 1359 cognoscuntur
847 1323 920 1359 per
959 1315 1120 1359 species
1156 1315 1449 1360 intelligentiae
1487 1324 1721 1360 expressas.
1773 1315 1861 1351 Alia
1887 1324 1984 1351 vero

323 1373 458 1408 omnia
482 1372 773 1409 intellectualia
799 1375 1103 1419 cognoscuntur
1128 1383 1202 1419 per
1228 1374 1510 1410 similitudines
1532 1374 1597 1409 vel
1623 1374 1782 1410 innatas
1804 1374 1869 1410 vel
1887 1377 1899 1416 ll
1917 1374 1986 1409 im-

323 1441 489 1476 pressas
516 1432 581 1467 vel
606 1432 768 1468 relictas
796 1432 862 1467 vel
889 1433 1094 1468 collectas.
1143 1432 1191 1468 Et
1229 1442 1333 1478 quae
1373 1434 1676 1478 cognoscuntur
1713 1442 1787 1478 per
1824 1433 1984 1478 species
2006 1435 2038 1461 20

324 1500 557 1535 expressas,
584 1492 736 1527 habent
756 1492 909 1527 tantum
928 1492 1189 1529 necessarias
1212 1492 1372 1537 species
1393 1492 1676 1538 intelligibiles.
1716 1491 1829 1532 Quae
1851 1493 1987 1528 autem

324 1550 402 1586 alio
429 1550 550 1586 modo
587 1552 900 1596 cognoscuntur,
939 1551 1092 1586 habent
1128 1552 1291 1596 species
1331 1551 1590 1587 memoriales
1630 1552 1670 1586 et
1703 1550 1986 1596 intelligibiles.

324 1608 445 1645 Cuius
471 1609 574 1645 ratio
602 1610 675 1651 est,
714 1610 809 1654 quia
845 1619 913 1645 res
952 1620 1057 1655 quae
1094 1610 1370 1646 essentialiter
1406 1612 1469 1646 est
1503 1611 1544 1646 in
1578 1610 1725 1651 anima,
1765 1609 1987 1646 essentiam

325 1677 438 1703 suam
466 1667 632 1703 exhibet
656 1677 729 1712 pro
756 1668 895 1704 habitu
921 1669 1147 1705 memoriali
1158 1677 1173 1694 ἲ»

463 1756 632 1792 Solutio
661 1756 946 1793 obiectorum
973 1758 1277 1803 <quaestionis
1303 1758 1849 1804 undequadragesimae>.
2007 1768 2040 1793 25

464 1841 493 1874 1.
520 1839 581 1875 Ad
602 1839 772 1884 primum
791 1840 995 1876 obiectum
1015 1841 1231 1877 dicendum
1252 1841 1359 1886 quod
1380 1841 1636 1886 inspectione
1658 1839 1866 1886 originalis
1887 1839 1986 1875 satis

323 1900 445 1943 patet,
485 1898 579 1943 quia
610 1898 915 1944 Augustinus
951 1909 976 1935 a
1010 1901 1134 1936 rebus
1169 1899 1468 1944 pertinentibus
1503 1900 1554 1936 ad
1587 1900 1749 1935 tertium
1774 1908 1905 1945 genus
1932 1898 1988 1934 vi-

325 1958 451 1993 sionis
488 1958 665 1993 excludit
699 1958 872 2002 species,
912 1959 1053 2003 quales
1086 1960 1239 1995 habent
1272 1968 1454 2004 corpora,
1494 1969 1599 2004 quae
1634 1959 1675 1994 in
1709 1968 1845 1994 rerum
1873 1967 1988 2003 prae-

325 2017 458 2053 sentia
493 2016 645 2052 faciunt
683 2017 958 2062 cognitionem
996 2018 1248 2059 sensibilem,
1292 2018 1333 2053 in
1368 2018 1557 2054 absentia
1593 2017 1883 2063 imagInariam.
1941 2016 1988 2052 Et

324 2075 477 2110 faciunt
503 2075 581 2111 duo
609 2084 763 2120 genera
789 2076 979 2117 visorum,
1019 2078 1061 2112 ut
1092 2077 1147 2112 ibi
1178 2077 1283 2112 dicit.
1332 2076 1379 2112 Et
1414 2077 1464 2112 ab
1499 2077 1561 2112 his
1598 2076 1814 2121 speciebus
1850 2076 1988 2111 creata
2007 2084 2041 2110 30

327 2134 389 2169 est
415 2133 550 2169 anima
576 2134 684 2169 nuda
711 2134 815 2170 sicut
838 2134 976 2170 tabula
1000 2144 1106 2170 rasa.
1158 2135 1237 2171 Sed
1264 2135 1457 2179 numquid
1493 2135 1713 2171 excludere
1739 2134 1911 2171 intendit
1937 2134 1988 2170 ab

325 2192 423 2237 ipsis
451 2192 610 2237 species
637 2192 942 2238 intelligibiles?
976 2193 1076 2229 Non.
1115 2193 1232 2229 Unde
1253 2194 1574 2239 Augustinus,
1603 2194 1681 2230 XII.
1702 2194 1838 2238 Super
1857 2193 1987 2234 Gen.⁶,

326 2251 393 2286 ubi
418 2251 594 2296 loquitur
619 2252 670 2287 de
697 2252 773 2287 hac
799 2252 980 2294 materia,
1008 2252 1104 2288 dicit
1130 2253 1180 2289 de
1208 2253 1350 2288 Paulo:
1391 2253 1456 2296 „In
1491 2253 1597 2289 illam
1634 2253 1751 2298 quasi
1775 2252 1988 2298 regionem

326 2310 633 2356 intelligibilium
660 2311 1021 2352 subve<h>ebatur,
1062 2311 1128 2347 ubi
1164 2312 1252 2347 sine
1289 2312 1370 2347 ulla
1404 2312 1587 2356 corporis
1615 2311 1874 2347 similitudine
1901 2320 1989 2355 per-

327 2369 466 2414 spicue
494 2369 702 2405 cernitur.“
2008 2377 2041 2402 35

464 2429 496 2463 2.
523 2428 584 2464 Ad
606 2429 829 2465 secundum
851 2430 958 2473 quod
978 2430 1147 2465 verbum
1168 2429 1577 2465 Commentatoris
1605 2429 1663 2465 sic
1683 2429 1988 2474 intelligendum

328 2488 408 2522 est:
435 2487 523 2523 Non
550 2487 657 2523 aliud
683 2488 705 2523 i.
728 2498 760 2523 e.
788 2498 870 2523 non
897 2488 1063 2524 alterius
1091 2489 1266 2534 generis,
1294 2489 1387 2532 quia
1419 2490 1632 2533 utrumque
1666 2489 1729 2523 est
1757 2497 1855 2523 vere
1877 2486 1989 2532 spiri-

327 2546 446 2581 tuale.
497 2546 577 2582 Sed
603 2547 705 2591 lapis
733 2548 772 2582 et
800 2547 961 2591 species
987 2547 1133 2592 lapidis
1161 2549 1254 2583 sunt
1279 2548 1533 2583 diversorum
1559 2556 1769 2592 generum.

466 2606 497 2640 3.
524 2604 609 2645 <Ad
636 2605 796 2640 tertium
823 2606 968 2650 patet>.
1386 2620 1392 2626 κ

468 2726 509 2758 28
538 2725 649 2765 Quae]
677 2735 747 2766 quo
844 2727 885 2759 32
913 2726 984 2766 XII]
1010 2728 1070 2759 XX
1167 2728 1209 2759 38
1236 2727 1328 2766 sunt]
1356 2729 1411 2760 est

468 2843 478 2865 ¹
505 2844 574 2876 Cir.
603 2854 635 2884 p.
664 2844 716 2883 86,
743 2846 814 2876 not.
843 2845 872 2877 6.
1016 2844 1030 2866 2
1056 2845 1196 2877 Ibidem
1221 2847 1291 2878 not.
1320 2847 1349 2878 7.
1492 2845 1506 2868 3
1531 2846 1672 2879 Ibidem
1697 2848 1768 2879 not.
1796 2846 1824 2879 8.

467 2896 481 2918 4
507 2897 645 2929 Ibidem
670 2900 742 2930 not.
772 2898 822 2930 10.
965 2898 979 2919 -3
1005 2899 1177 2931 Videatur
1202 2908 1313 2939 supra
1337 2908 1420 2940 pag.
1448 2900 1525 2932 211.

466 2949 480 2971 ‘³
506 2951 575 2988 XII,
604 2951 645 2982 34
673 2949 743 2989 (PL
767 2947 822 2990 42;
850 2951 914 2982 482
942 2950 997 2991 s).
1047 2952 1102 2983 Ad
1128 2961 1284 2984 sensum.
