2095 3459
783 210 955 246 Quaestio
985 210 1102 242 xxvi.
1715 207 1782 243 189

102 305 240 349 potest
278 305 369 341 talis
397 304 530 341 forma
557 315 652 342 esse
681 316 763 342 non
790 307 917 342 solum
946 308 1070 345 tanta.
1110 307 1182 342 sed
1211 307 1331 342 etiam
1360 305 1503 342 eadem
1532 303 1572 342 in
1600 308 1715 351 parte
1744 308 1784 343 et

100 364 141 399 in
169 365 266 400 toto.
316 364 363 400 Et
389 366 467 401 hoc
495 367 559 402 est
585 365 624 401 in
651 367 737 402 toto
765 366 936 407 virtuali,
965 367 1071 411 quod
1101 367 1388 402 extensionem
1415 376 1496 402 non
1524 366 1658 402 habet.

287 453 457 491 Solutio
486 455 773 491 obiectorum
802 456 1109 500 <quaestionis
1136 456 1385 492 vicesimae
1413 457 1609 497 sextae>.
1786 454 1981 490 D.XXV1

245 540 274 574 1.
315 539 376 574 Ad
418 539 589 583 primum
630 539 833 574 obiectum
876 539 913 574 in
952 539 1198 575 contrarium
1237 539 1492 584 respondent
1525 539 1648 584 aliqui
1678 540 1785 585 quod

67 603 83 627 5
105 598 242 634 anima
275 599 339 634 cst
377 598 416 633 in
453 600 538 634 toto
578 608 753 643 corpore
794 600 834 633 et
872 608 945 643 per
984 599 1113 634 totum
1140 608 1289 643 corpus
1317 597 1563 641 diffunditur,
1602 609 1685 635 non
1711 609 1785 644 per

102 658 272 702 partem.
324 658 535 693 Invenitur
562 658 669 693 enim
698 659 816 693 extra
842 659 1000 702 partem
1029 658 1262 702 quamlibet,
1290 658 1363 694 sed
1390 668 1472 694 non
1501 659 1620 694 extra
1644 659 1784 694 totum.

104 716 221 753 Unde
248 717 386 753 anima
413 717 596 762 sequitur
623 717 905 753 definitionem
931 717 1055 753 totius
1082 717 1278 762 corporis,
1307 718 1380 754 sed
1402 728 1483 754 non
1505 718 1675 754 alicuius
1696 728 1785 763 par-

103 777 166 818 tis,
195 777 289 821 quia
316 778 379 813 est
405 777 444 813 in
472 787 553 813 uno
581 777 672 813 loco
700 778 741 813 et
766 787 849 813 non
876 777 916 812 in
943 778 1137 822 pluribus.

245 836 323 873 Sed
362 838 522 873 contra:
559 836 818 873 Moventibus
855 837 973 873 nobis
1008 838 1225 873 moventur
1261 847 1311 873 ea
1337 846 1443 882 quae
1470 839 1563 874 sunt
1588 838 1628 874 in
1655 839 1785 875 nobis.

54 904 85 929 10
103 896 209 943 Ergo
247 898 358 932 mota
385 906 509 932 manu
535 898 754 932 moventur
781 906 842 937 ea,
877 906 983 941 quae
1013 898 1107 932 sunt
1133 896 1173 932 in
1200 906 1333 933 manu.
1385 896 1464 933 Sed
1493 897 1630 933 anima
1657 900 1720 934 est
1746 898 1786 934 in

103 965 237 992 manu.
273 955 379 1001 Ergo
402 956 539 992 anima
560 956 780 1000 quiescens
801 956 841 991 in
863 966 1037 1001 corpore
1063 957 1200 1001 potest
1225 956 1265 992 in
1292 966 1415 992 manu
1441 957 1609 993 moveri.
1628 957 1785 994 —Item

104 1015 156 1051 sit
180 1024 326 1051 manus
355 1015 394 1051 in
422 1016 512 1051 loco
540 1016 584 1051 A.
636 1015 676 1051 Si
703 1015 840 1051 anima
867 1017 931 1051 est
956 1016 996 1051 in
1023 1025 1157 1056 manu,
1183 1015 1323 1052 anima
1349 1017 1412 1051 est
1437 1016 1477 1051 in
1502 1016 1548 1052 A.
1574 1016 1786 1053 Moveatur

104 1075 254 1111 deinde
281 1084 427 1111 manus
455 1075 506 1111 ad
533 1075 667 1111 locum
698 1075 738 1110 B.
791 1074 983 1120 Sequitur
1009 1075 1154 1111 eadem
1176 1075 1348 1117 ratione,
1374 1077 1418 1111 ut
1437 1076 1575 1112 anima
1604 1076 1656 1112 sit
1680 1077 1720 1112 in
1744 1077 1785 1113 Β.

106 1134 205 1170 Cum
241 1134 362 1180 igitur
397 1135 509 1170 mota
544 1144 667 1170 manu
703 1135 890 1170 localiter
927 1135 1064 1170 anima
1090 1136 1218 1171 mutet
1244 1135 1388 1174 locum,
1428 1135 1611 1180 sequitur
1636 1137 1679 1172 ut
1705 1146 1787 1172 mo-

59 1200 90 1225 15
109 1195 257 1231 veatur
281 1194 393 1230 mota
418 1204 553 1230 manu.

246 1253 472 1290 Dicendum
512 1255 576 1290 est
602 1254 723 1299 igitur
749 1254 857 1298 quod
885 1255 949 1289 est
975 1253 1227 1298 impossibile
1260 1254 1369 1289 idem
1396 1254 1611 1298 quiescere
1639 1256 1680 1290 et
1704 1264 1787 1291 mo-

105 1313 193 1349 veri
221 1322 294 1358 per
321 1322 378 1349 se.
424 1313 565 1349 Potest
590 1314 727 1349 tamen
755 1313 905 1358 aliquid
934 1313 1150 1358 quiescere
1179 1323 1253 1358 per
1279 1323 1325 1349 se
1353 1314 1394 1349 et
1413 1314 1571 1350 moveri
1591 1323 1664 1359 per
1683 1314 1788 1350 acci-

107 1373 222 1414 dens,
262 1373 366 1409 sicut
400 1374 512 1418 patet
545 1374 595 1409 de
627 1382 689 1413 eo,
723 1373 791 1417 qui
824 1373 931 1409 iacet
956 1372 996 1408 in
1022 1372 1119 1408 navi
1144 1373 1267 1408 mota.
1316 1372 1457 1408 Potest
1482 1373 1605 1408 etiam
1631 1373 1787 1409 moveri

106 1433 283 1469 motibus
322 1433 536 1478 oppositis,
569 1442 651 1469 uno
687 1442 762 1478 per
789 1442 834 1468 se
862 1434 902 1468 et
927 1432 1007 1468 alio
1035 1441 1109 1477 per
1134 1432 1341 1472 accidens,
1379 1432 1483 1468 sicut
1507 1433 1621 1477 patet
1647 1433 1697 1468 de
1724 1442 1786 1479 eo,

53 1503 88 1528 ρο
108 1492 177 1537 qui
202 1492 382 1528 ambulat
408 1492 449 1527 in
475 1492 572 1528 navi
597 1493 741 1528 contra
766 1493 918 1528 motum
946 1491 1076 1527 navis.

247 1551 473 1587 Dicendum
499 1551 620 1597 igitur
647 1552 766 1596 quod,
795 1561 884 1587 cum
911 1551 1048 1587 anima
1080 1551 1231 1586 habeat
1258 1560 1312 1586 ex
1339 1550 1596 1595 simplicitate
1624 1560 1710 1593 sua,
1746 1552 1787 1587 ut

104 1610 237 1656 possit
264 1611 410 1647 eadem
437 1611 623 1647 existens
650 1611 723 1647 toti
751 1620 798 1647 se
825 1611 986 1655 corpori
1006 1610 1321 1652 communicare,
1349 1611 1495 1646 eadem
1516 1612 1618 1652 <ex>
1637 1610 1786 1646 virtute

105 1671 241 1712 habet,
267 1671 311 1706 ut
335 1670 466 1715 possit
492 1680 566 1715 per
593 1680 709 1706 suum
737 1680 886 1715 corpus
908 1669 1202 1714 dispositiones
1231 1670 1271 1705 et
1290 1669 1520 1705 localitates
1541 1669 1786 1714 participare

107 1738 182 1774 per
206 1728 401 1765 accidens
430 1731 470 1765 et
496 1739 580 1765 non
607 1739 680 1775 per
707 1739 764 1766 se.

54 1792 100 1823 ‘25'
250 1789 282 1824 2.
308 1788 371 1824 Ad
399 1789 626 1825 secundum
653 1789 870 1825 dicendum
898 1788 1007 1833 quod
1033 1788 1171 1824 anima
1195 1788 1396 1824 totalitate
1424 1788 1632 1824 essentiae
1660 1788 1786 1824 estin

108 1847 289 1892 qualibet
314 1849 444 1892 parte.
494 1847 541 1883 Et
576 1848 916 1893 Philosophus
952 1849 1077 1884 vocat
1111 1849 1250 1892 partes
1275 1847 1437 1883 animae
1464 1848 1601 1892 partes
1628 1847 1786 1883 virtutis

108 1916 221 1949 suae,
258 1907 415 1943 scilicet
450 1907 657 1952 potentias
685 1908 786 1949 eius,
812 1917 837 1943 a
863 1907 1009 1952 quibus
1040 1906 1306 1951 perficiuntur
1330 1907 1470 1951 partes
1497 1906 1681 1951 corporIs
1709 1906 1787 1941 sin-

108 1966 241 2012 gulae.
290 1966 409 2003 Unde
445 1967 510 2003 hic
546 1977 693 2003 sensus
728 1968 792 2003 est
817 1967 950 2003 verbi:
977 1969 990 2009 ΙΙ
1016 1966 1128 2002 Sicut
1165 1966 1301 2001 anima
1337 1975 1412 2010 per
1450 1958 1675 2001 essentiam
1700 1974 1789 2010 per—
1809 1970 1870 2002 fol.
1892 1971 1935 2002 31
1947 1975 1995 2001 ru.

108 2025 194 2062 ficit
218 2026 348 2061 totum
376 2035 537 2071 corpus,
565 2026 621 2062 ita
645 2036 720 2071 per
744 2026 951 2071 potentias
972 2028 1112 2071 partes
1134 2025 1318 2070 corporis
1340 2025 1599 2070 organizatas
1620 2025 1671 2060 ad
1694 2034 1788 2069 ope—

55 2095 89 2122 30
108 2085 291 2121 rationes
327 2085 584 2121 determinat.
645 2085 759 2126 Quae
792 2086 931 2121 tamen
963 2086 1102 2130 partes
1135 2084 1312 2120 maxime
1338 2085 1390 2120 ab
1417 2084 1578 2120 animae
1606 2084 1788 2120 essentia

110 2144 385 2189 perficiuntur,
413 2145 453 2180 in
480 2146 675 2190 quantum
702 2145 774 2180 tali
800 2144 953 2189 speciei
981 2144 1315 2180 determinantur.
1359 2141 1429 2179 Est
1448 2145 1584 2179 autem
1604 2143 1789 2188 potentia

110 2203 319 2248 quaelibet
343 2204 384 2239 in
406 2204 592 2240 essentia
609 2205 795 2240 radicata
809 2204 875 2239 vel
895 2204 1020 2240 habet
1040 2204 1218 2239 radicem
1239 2202 1484 2247 ubicumque
1504 2203 1567 2238 est
1588 2202 1787 2245 essentia;

110 2272 189 2298 nec
215 2262 360 2305 otiose,
388 2263 483 2308 quia
508 2263 660 2308 ubique
689 2264 752 2299 est
779 2263 980 2308 quaedam
1010 2262 1207 2307 perfectio
1236 2261 1456 2298 essentiae.

250 2323 282 2357 3.
318 2321 380 2358 Ad
415 2322 579 2358 tertium
615 2323 858 2358 dicendum¹
896 2322 1004 2366 quod
1033 2321 1138 2357 sicut
1164 2321 1286 2361 Deus,
1314 2320 1382 2365 qui
1407 2321 1472 2356 est
1496 2320 1658 2364 ubique,
1684 2319 1789 2364 regit

57 2393 91 2419 35
110 2382 250 2417 tamen
275 2373 473 2417 inferiora
497 2382 772 2417 mediantibus
800 2381 1092 2426 superioribus,
1120 2389 1289 2424 quorum
1318 2379 1502 2424 operatio
1531 2379 1564 2414 si
1592 2379 1787 2420 cessaret,

110 2440 264 2485 periret
289 2441 376 2476 tota
401 2440 598 2476 habitatio
626 2440 902 2480 elementaris,
937 2440 994 2475 ita
1021 2439 1158 2475 anima
1182 2438 1446 2483 operationes
1472 2438 1580 2473 vitae
1607 2438 1690 2483 agit
1715 2446 1789 2482 per

112 2499 314 2543 quaedam
342 2508 499 2545 organa
525 2499 814 2544 principaliter.
842 2499 987 2543 quibus
1014 2498 1139 2534 laesis
1168 2497 1408 2533 necessario
1435 2497 1540 2541 perit
1566 2497 1659 2532 vita.

250 2557 298 2593 Et
335 2558 371 2594 si
408 2559 640 2603 quaeratur,
679 2568 806 2603 quare
845 2558 1053 2603 quaelibet
1087 2567 1181 2601 pars
1214 2556 1401 2592 animalis
1426 2566 1510 2592 non
1537 2557 1601 2592 est
1626 2555 1787 2595 animal,

113 2616 218 2652 sicut
253 2617 460 2661 quaelibet
493 2627 590 2662 pars
615 2617 721 2662 ignis
749 2618 813 2652 est
838 2617 959 2662 ignis:
994 2616 1294 2660 respondetur2
1321 2615 1427 2660 quod
1454 2615 1605 2659 triplex
1631 2615 1695 2650 est
1720 2623 1788 2660 ge—

58 2687 94 2714 40
113 2685 190 2711 nus
216 2675 385 2712 formae.

254 2787 274 2818 9
301 2786 384 2825 Sed]
411 2787 463 2819 sic
585 2787 623 2818 11
654 2785 861 2827 quiescens]
889 2785 1100 2826 quiescente
1221 2784 1262 2816 14
1295 2783 1384 2816 Cum
1415 2783 1524 2824 igitur
1558 2783 1656 2814 mota
1679 2791 1787 2814 manu

114 2839 291 2878 localiter]
311 2840 364 2872 sic
384 2840 431 2872 ab
453 2840 575 2872 altera
597 2847 718 2871 manu
738 2839 779 2871 in
804 2839 978 2878 maryine
1003 2838 1207 2878 corrigitur
1232 2835 1494 2877 (loqualiter!);
1522 2837 1640 2868 textus
1660 2835 1789 2867 habet:

115 2901 195 2924 cum
223 2893 330 2933 igitur
347 2901 475 2925 manus
493 2893 677 2925 localitate
773 2892 816 2924 23
843 2890 1114 2932 dispositiones]
1141 2891 1339 2930 disponens
1436 2889 1478 2921 28
1505 2889 1562 2920 hic
1582 2897 1712 2921 sensus
1733 2889 1789 2920 est

115 2945 230 2984 verbi]
258 2946 305 2977 ab
331 2946 453 2977 altera
479 2954 599 2978 manu
624 2946 855 2986 supponitur
880 2946 920 2977 z’n
946 2945 1119 2984 maraine
1146 2943 1343 2976 inferiore:
1367 2942 1436 2974 iste
1463 2943 1518 2973 est
1538 2950 1668 2974 sensus
1687 2941 1786 2973 verbi

257 3038 270 3061 1
295 3040 431 3072 Eodem
457 3041 564 3073 modo
589 3041 698 3072 solvit
723 3049 751 3072 s.
777 3040 1110 3077 Bonaventura‚
1136 3038 1158 3070 l.
1185 3046 1214 3070 c.
1243 3037 1308 3069 172
1335 3035 1396 3075 (ad
1422 3035 1467 3074 7).

256 3088 271 3114 2
297 3092 383 3124 Cum
410 3102 438 3124 s.
465 3093 795 3132 Bonaventura‚
821 3093 842 3125 l.
870 3101 898 3124 c.
929 3092 987 3124 171
1020 3090 1081 3129 (ad
1110 3090 1154 3129 1).
