2095 3459
801 195 974 231 Quaestio
1000 190 1060 227 IV.
1725 193 1767 229 41

236 295 288 329 12.
316 293 413 329 Item
442 293 585 329 contra
610 292 737 328 aliud:
765 292 860 337 quia
886 292 919 327 si
947 292 1180 328 universale
1208 293 1271 328 est
1296 292 1502 333 accidens,
1537 302 1634 338 ergo
1665 303 1770 338 quae

94 353 345 390 conveniunt
360 352 398 388 in
415 361 672 397 quocumque
689 351 911 387 universali
926 352 968 387 ut
988 352 1027 387 in
1050 352 1201 396 specie,
1222 352 1474 388 conveniunt
1489 352 1528 388 in
1544 353 1770 389 accidente.

236 413 288 448 13.
316 412 415 448 Item
442 411 550 456 quod
578 421 660 447 non
688 411 739 446 sit
766 411 927 456 penitus
955 411 1061 447 idem
1101 412 1327 447 secundum
1362 421 1448 448 rem
1488 412 1694 458 singulare
1732 414 1772 448 et

94 472 340 511 universale,
374 480 445 516 per
466 471 543 507 hoc
564 470 724 507 videtur
743 471 898 515 aperte,
932 471 1026 515 quia
1047 471 1184 507 Philo
1198 471 1401 515 sophus¹
1425 471 1565 507 dividit
1586 472 1772 507 substan-

60 539 76 564 5
96 533 192 569 tiam
219 531 388 577 primam
415 540 439 566 a
466 530 658 571 secunda,
698 530 793 575 quia
818 530 914 566 dicit
940 530 1061 566 etiam
1088 531 1196 575 quod
1232 530 1465 566 universale
1493 531 1556 566 est
1582 541 1705 567 unum
1733 531 1770 566 in

98 592 230 628 multis
270 592 310 627 et
349 590 399 626 de
439 590 572 626 multis
584 592 609 630 2,
646 589 740 635 quia
775 589 814 625 in
854 590 1164 634 participatione
1205 589 1359 634 speciei
1403 590 1539 635 plures
1585 591 1771 626 homines

98 661 201 688 unus
230 651 363 686 homo.

236 710 305 761 (4.)
340 708 778 761 142Ltssffift¹1tellssctus
806 710 870 744 est
897 709 1126 744 substantia
1153 709 1440 745 immaterialis.
1492 709 1682 757 Sedffnon
1709 711 1773 745 est

98 762 340 816 plurific‘atio
373 769 450 805 nisi
482 777 555 813 per
588 767 810 806 materiam.
861 767 966 813 Ergo
1000 767 1228 804 intellectus
1264 778 1348 804 non
1374 768 1498 805 habet
1524 769 1734 805 materiam
1748 772 1773 804 ὕ.

48 840 80 864 10
102 821 229 871 Quod*
252 820 308 865 *sii
325 827 614 868 immaterialis,
640 827 680 863 id
713 828 776 863 est
809 836 954 863 carens
979 827 1160 865 materia,
1187 828 1333 872 probat
1359 827 1773 864 Commentat0r4.

100 889 300 930 Quoniam
335 888 370 924 si
395 888 566 924 haberet
592 887 763 923 formam
801 886 842 923 in
881 887 1061 925 materia,
1100 888 1196 922 tunc
1233 887 1404 923 haberet
1442 887 1692 934 intelligibile
1735 888 1775 924 in

100 948 282 994 potentia
311 947 415 983 sicut
441 956 509 983 res
540 946 759 987 sensibiles
788 946 1021 982 materiales
1050 948 1090 982 et
1125 956 1207 983 non
1235 948 1377 991 posset
1402 947 1570 993 intelligi
1598 948 1776 992 nisiper

99 1007 429 1045 abstractionem.
480 1006 597 1042 Unde
633 1005 981 1050 Philosophus,
1009 1005 1066 1041 III.
1102 1005 1161 1042 De
1198 1006 1400 1042 Animafi:
1439 1006 1502 1050 „In
1529 1007 1773 1043 habentibus

101 1066 313 1103 materiam
339 1065 522 1111 potentia
546 1065 864 1110 unumquodque
890 1064 1199 1110 intelligibilium
1236 1066 1331 1101 est.“
1385 1065 1502 1106 Quod
1527 1066 1673 1102 falsum
1701 1067 1765 1102 est

52 1136 83 1162 15
101 1127 207 1173 Ergo
235 1128 310 1163 etc.

242 1187 296 1222 15.
322 1185 423 1222 Item
448 1185 483 1221 si
508 1186 622 1222 esset
647 1184 880 1225 materialis,
906 1186 1003 1220 tunc
1029 1185 1192 1229 species
1219 1184 1450 1221 intellectus
1475 1195 1557 1221 non
1577 1185 1777 1222 indicaret

102 1247 229 1283 totam
255 1254 372 1282 suam
397 1244 677 1286 substantiam,
703 1253 781 1280 nec
808 1245 922 1280 esset
948 1244 1024 1280 sibi
1050 1244 1246 1289 aequalis.
1297 1243 1552 1280 Contrarium
1572 1245 1661 1281 eius
1683 1245 1778 1281 dicit

104 1305 439 1352 Augustinus,
466 1304 525 1340 De
558 1304 758 1340 Trinitate
782 1303 844 1339 IX.
872 1313 958 1348 cap.
985 1303 1095 1340 XI.⁶:
1136 1303 1257 1347 „Cum
1283 1313 1341 1346 se,
1380 1304 1518 1349 inquit,
1545 1313 1660 1340 mens
1688 1304 1778 1350 ipsa

105 1365 228 1407 novit,
256 1364 315 1400 sic
341 1365 404 1400 est
430 1364 576 1400 eadem
595 1363 739 1400 notitia
757 1364 929 1399 verbum
949 1363 1047 1404 eius,
1074 1363 1118 1399 ut
1138 1363 1190 1399 sit
1209 1363 1247 1399 ei
1264 1372 1339 1408 par
1359 1363 1523 1400 omnino
1545 1364 1585 1400 et
1604 1364 1777 1409 aequale

52 1439 87 1464 ευ
106 1426 229 1470 atque
255 1423 510 1460 identicum.“

247 1484 301 1520 16.
327 1483 445 1519 Item:
474 1483 508 1519 si
533 1483 658 1519 habet
683 1482 905 1524 materiam,
934 1483 1088 1518 certum
1114 1483 1188 1523 est,
1216 1483 1258 1518 ut
1278 1482 1449 1524 videtur,
1476 1482 1584 1528 quod
1606 1484 1779 1528 occupat

107 1542 319 1580 materiam
345 1552 461 1578 suam
486 1543 624 1578 totam.
675 1541 757 1578 Sed
794 1541 862 1578 ubi
900 1541 1031 1577 forma
1067 1542 1196 1578 totam
1234 1542 1407 1587 occupat
1439 1542 1661 1584 materiam,
1696 1552 1777 1578 non

108 1603 246 1649 potest
271 1611 366 1638 esse
392 1601 433 1637 in
459 1611 541 1637 una
566 1600 706 1646 specie
732 1601 822 1646 plus
850 1610 970 1646 quam
995 1610 1121 1636 unum
1146 1601 1398 1637 individuum
1411 1603 1436 1643 ⁷,
1473 1601 1577 1638 sicut
1601 1603 1714 1646 patet
1739 1602 1779 1637 In

109 1663 195 1699 sole
222 1663 262 1698 et
287 1661 438 1698 mundo
465 1662 506 1697 et
532 1660 741 1697 similibus.
789 1659 895 1706 Ergo
935 1659 1129 1705 quidquid
1166 1661 1351 1705 ponatur,
1390 1660 1477 1696 sive
1515 1661 1666 1696 habeat
1700 1670 1781 1696 ma-

56 1735 90 1760 25
109 1722 264 1764 teriam,
302 1721 389 1757 sive
421 1730 504 1757 non
541 1721 693 1757 habeat
730 1719 951 1761 materiam,
989 1729 1073 1756 non
1107 1720 1343 1756 numeratur
1378 1720 1430 1755 ad
1455 1719 1781 1756 numerationem

108 1781 420 1818 individuorum.

249 1840 313 1886 (5.)
352 1841 406 1876 17.
431 1840 532 1876 Item
558 1839 593 1875 si
618 1840 854 1875 numeratur
880 1838 1102 1875 secundum
1130 1838 1455 1875 numerationem
1482 1838 1780 1875 individuorum

111 1900 379 1945 corrumpitur
404 1900 445 1936 et
471 1900 691 1945 generatur
716 1898 942 1935 secundum
967 1898 1277 1944 generationem
1303 1899 1539 1939 eorundem,
1566 1899 1635 1934 aut
1660 1898 1781 1934 homo

110 1970 194 1997 non
219 1959 442 2006 generatur
467 1958 695 1995 secundum
720 1958 829 2003 quod
855 1958 977 1993 homo
1004 1966 1082 1993 nec
1109 1957 1285 1998 moritur,
1320 1957 1394 1993 sed
1421 1957 1645 1993 secundum
1672 1956 1780 2001 quod

59 2032 94 2057 30
112 2019 272 2060 animal,
298 2019 341 2054 ut
366 2017 462 2054 dicit
487 2016 905 2054 Commentatorss.

252 2077 317 2123 (6.)
352 2078 405 2114 18.
444 2077 544 2114 Item
578 2076 614 2113 si
643 2076 875 2113 intellectus
902 2079 966 2112 est
991 2077 1069 2112 hoc
1095 2076 1246 2121 aliquid
1281 2076 1322 2112 et
1359 2075 1610 2111 Individuum
1647 2085 1782 2117 unum,

114 2147 212 2185 ergo
240 2138 304 2174 est
328 2137 368 2173 in
393 2136 577 2182 potentia
601 2135 861 2181 intelligibilis
888 2137 928 2172 et
953 2145 1036 2172 non
1070 2135 1111 2171 in
1146 2136 1250 2171 actu.
1299 2135 1402 2171 Nihil
1428 2136 1563 2171 autem
1591 2136 1655 2170 est
1690 2135 1781 2170 actu

113 2195 375 2242 intelligibile,
401 2194 481 2231 nisi
506 2194 724 2240 spoliatum
749 2204 773 2230 a
799 2194 1099 2231 conditionibus
1126 2194 1483 2230 individuantibus.
1528 2194 1645 2235 Quod
1665 2193 1699 2229 si
1721 2194 1784 2230 est

114 2256 155 2293 in
181 2255 364 2301 potentia
388 2254 660 2300 intelligibilis,
698 2263 796 2300 ergo
833 2255 896 2290 est
929 2254 970 2290 in
1004 2253 1188 2299 potentia
1224 2254 1428 2299 recipiens
1457 2254 1637 2299 seipsum
1663 2253 1704 2289 et
1729 2252 1785 2289 ita

63 2326 96 2352 35
116 2315 234 2352 simul
259 2316 352 2351 actu
378 2315 419 2350 et
444 2313 628 2359 potentia
652 2314 843 2358 respectu
869 2313 1063 2349 eiusdem.

258 2415 274 2446 1
298 2412 404 2454 quae]
423 2413 454 2446 Β
475 2412 690 2453 quicumque
763 2413 782 2444 5
803 2411 975 2451 secunda]
996 2412 1028 2443 A
1048 2412 1252 2444 substantia
1324 2412 1343 2443 (5
1370 2410 1418 2449 in]
1443 2411 1472 2443 A
1496 2411 1604 2443 etiam
1677 2410 1696 2442 8
1718 2408 1785 2447 est]

117 2468 146 2501 A
168 2477 239 2501 om.
324 2468 343 2500 9
361 2465 470 2508 Ergo]
489 2466 518 2498 A
540 2465 606 2498 sed
623 2465 810 2498 materiam
837 2465 882 2497 Ιη
900 2466 1092 2506 margine:
1110 2465 1576 2506 Respondeturintelleetus
1590 2472 1662 2496 non
1676 2463 1785 2495 habet

117 2521 305 2554 materiam
402 2520 441 2552 11
469 2518 706 2560 intelligibile]
736 2519 768 2551 Β
794 2527 877 2551 esse
905 2519 1082 2559 integrale
1181 2518 1222 2550 12
1248 2526 1309 2550 res
1341 2517 1532 2550 sensibiles
1563 2515 1783 2555 materiales]

119 2575 150 2608 B
174 2574 346 2607 sensibile
368 2582 428 2605 res
447 2572 655 2605 materiales
737 2572 778 2604 14
805 2571 1092 2613 intelligibilium]
1122 2571 1152 2603 B
1176 2571 1450 2612 intelligentium
1541 2570 1582 2602 19
1609 2568 1673 2607 sic]
1699 2568 1731 2600 B
1756 2569 1787 2601 si

120 2627 165 2667 ei]
185 2628 216 2660 B
234 2636 279 2660 ea
362 2627 404 2659 21
432 2625 474 2664 si]
499 2625 529 2658 A
554 2625 588 2658 ei
646 2624 696 2663 ut]
722 2625 753 2657 Β
779 2625 875 2665 quod
959 2625 1001 2657 22
1028 2634 1131 2657 suam
1156 2625 1276 2657 totam.
1315 2623 1386 2656 Sed
1410 2623 1471 2655 ubi
1496 2624 1605 2656 totam
1633 2622 1787 2662 occupat

120 2679 320 2719 materiam]
340 2680 371 2712 Β
385 2688 456 2712 om.
530 2678 572 2711 23
593 2677 675 2717 una]
689 2677 722 2709 B
735 2687 802 2710 sua
874 2678 917 2710 24
938 2677 1105 2718 ponatur]
1125 2677 1155 2710 A
1170 2678 1314 2718 ponitur
1386 2677 1429 2709 25
1449 2674 1649 2714 materiam]
1663 2676 1694 2707 B
1715 2683 1785 2707 om.

121 2735 164 2767 30
188 2732 332 2772 animal]
352 2732 381 2765 A
403 2733 507 2765 aliter
579 2731 621 2764 32
646 2730 894 2772 intelligibilis]
920 2731 951 2763 Β
975 2731 1191 2772 intelligibili
1264 2730 1306 2763 33
1334 2728 1540 2770 spoliatum]
1559 2729 1590 2761 Β
1609 2728 1787 2769 spoliatur

121 2784 438 2825 individuantibus]
463 2785 494 2817 Β
518 2784 794 2817 indivisibilibus
882 2783 924 2816 34
951 2783 1145 2824 recipiens]
1171 2784 1201 2815 B
1225 2783 1427 2823 respiciens

263 2874 275 2897 1
296 2875 374 2908 Cat.
389 2875 408 2907 3
424 2872 484 2914 (5).
556 2872 571 2895 2
590 2873 643 2906 De
661 2873 855 2913 Interpret.
870 2872 941 2911 VII,
956 2872 1008 2905 17.
1034 2871 1145 2904 Anal.
1158 2871 1292 2912 post.1‚
1308 2871 1338 2903 4.
1409 2870 1424 2892 3
1443 2870 1640 2911 Sigerus,
1656 2869 1694 2908 11,
1711 2869 1786 2901 165.

260 2928 275 2950 4
301 2927 463 2968 Metaph.
483 2927 542 2959 lib.
558 2936 591 2965 a,
607 2926 626 2958 3
643 2924 697 2965 (ΙΙ,
710 2926 800 2958 text.
817 2924 891 2965 16);
911 2925 963 2957 De
981 2925 1121 2958 Anima
1140 2925 1192 2964 III,
1209 2925 1228 2957 4
1248 2920 1297 2966 (1,
1317 2924 1404 2956 text.
1422 2924 1440 2955 4
1456 2924 1491 2956 et
1506 2922 1551 2962 5).
1646 2921 1660 2944 5
1685 2921 1738 2961 III,
1758 2922 1787 2954 3.

261 2980 276 3002 ⁶
301 2981 357 3014 PL
376 2981 429 3019 42,
450 2980 516 3012 970
536 2989 569 3012 n.
592 2979 645 3012 16.
763 2977 777 3000 ⁷
801 2978 855 3011 De
874 2978 984 3011 Caelo
1010 2979 1033 3017 Ι,
1055 2979 1074 3011 9
1094 2976 1197 3017 (text.
1216 2976 1292 3016 95);
1324 2977 1489 3009 videatur
1512 2976 1601 3008 Bon
1613 2984 1692 3014 av.,
1722 2974 1787 3015 Op.

125 3044 223 3068 omn.
250 3035 288 3073 II,
311 3034 375 3066 103
400 3034 472 3066 not.
501 3034 520 3065 7
548 3033 584 3065 et
608 3032 671 3065 cfr.
697 3032 748 3064 De
772 3031 913 3064 Anima
937 3031 990 3070 III,
1012 3032 1031 3063 4
1059 3029 1105 3070 (1,
1124 3031 1212 3063 text.
1240 3029 1274 3070 5)
1300 3028 1375 3069 (iol.
1404 3030 1468 3062 147
1480 3028 1520 3068 ν).

264 3086 278 3109 ὅ
303 3087 354 3120 De
378 3086 517 3119 Anima
542 3086 595 3124 ΙΙΙ,
623 3086 641 3117 4
667 3083 715 3124 (1,
741 3086 829 3117 text.
858 3080 891 3124 5)
918 3082 992 3123 (fol.
1022 3085 1086 3117 142
1099 3082 1139 3124 ς).
