2095 3459
626 231 798 267 Quaestio
826 232 993 264 XXXVIII
1022 234 1057 264 ot
1083 232 1231 264 XXXIX.
1701 226 1769 260 213

607 358 917 419 Quaestio
959 359 1247 411 XXXVIII.
1789 370 1851 402 sol.
1879 371 1946 402 57⁷2
1959 370 1979 401 b

112 490 351 535 Quaeritur
385 502 500 541 quae
533 492 588 531 sit
622 493 734 532 ratio
768 494 1070 544 cognoscendi
1103 493 1348 540 caritatem,
1384 494 1530 531 utrum
1564 491 1741 531 habitus

468 566 769 613 cognoscatur
801 575 882 613 per
913 575 961 604 se
996 576 1053 604 an
1086 575 1166 614 per
1199 558 1388 603 actum¹.

423 651 476 688 Et
502 653 758 689 ostenditur
786 654 909 697 quod
937 662 1022 698 per
1046 653 1196 698 ipsum
1223 652 1444 688 habitum.
1793 651 1840 686 Α.

228 729 258 763 1.
287 727 390 768 Quia
417 729 578 765 habitus
606 730 786 766 carItatis
813 740 947 775 acque
974 739 1178 775 praesens
1199 730 1264 765 est
1283 729 1507 765 intellectui
1528 728 1633 764 sicut
1652 730 1767 764 actus

87 786 175 822 eius
203 788 243 823 et
269 787 399 832 magis
426 789 541 824 tenet
565 789 768 825 rationem
796 789 956 831 obiecti,
995 789 1090 834 quia
1116 789 1278 824 habitus
1307 788 1401 833 quid
1429 797 1615 829 manens,
1652 789 1766 823 actus

85 846 221 882 autem
249 847 312 882 est
337 847 555 883 transiens.

225 906 256 941 2.
283 905 383 941 Item
409 916 515 951 quae
543 908 637 943 sunt
663 908 903 943 naturaliter
928 908 1076 952 priora,
1105 908 1199 943 sunt
1224 906 1449 942 intellectui
1475 906 1646 947 notiora,
1673 905 1768 941 lIcet

84 963 126 1000 in
153 974 278 1000 sensu
306 965 357 1000 sit
384 975 406 1001 e
434 966 652 1002 contrario.
704 965 785 1003 Sed
812 967 975 1002 habitus
1002 966 1114 1011 prior
1140 967 1204 1002 est
1230 965 1470 1001 naturaliter
1491 974 1613 1010 quarn
1638 965 1766 1000 actus.

33 1029 66 1055 10
84 1022 189 1069 Ergo
216 1024 345 1070 magis
372 1025 435 1060 est
460 1025 622 1061 habitus
648 1025 753 1061 ratio
780 1025 1062 1071 cognoscendi
1087 1026 1223 1061 actum
1250 1034 1372 1069 quam
1399 1025 1578 1060 econtra.

222 1084 254 1119 3.
279 1083 382 1119 Item
406 1084 568 1120 habitus
595 1083 824 1120 affectualis
852 1084 1122 1129 propinquior
1154 1084 1219 1120 est
1250 1083 1462 1129 potentiae
1488 1083 1766 1119 intellectivae

84 1151 206 1187 quam
231 1143 347 1178 actus
374 1142 474 1179 eius.
514 1142 631 1184 Quod
651 1144 775 1188 patet,
802 1143 897 1188 quia
916 1143 1129 1188 potentiae
1149 1143 1386 1179 radicantur
1405 1143 1447 1178 in
1468 1152 1550 1178 una
1571 1142 1765 1183 essentia,

85 1202 125 1237 et
151 1201 442 1246 superponitur
469 1202 528 1238 eis
556 1202 730 1244 habItus‚
758 1203 799 1238 et
825 1202 946 1238 tertio
973 1202 1201 1238 adveniunt
1221 1203 1349 1238 actus.
1390 1201 1472 1240 Sed
1492 1202 1606 1237 tanto
1626 1212 1767 1237 unum-

85 1261 276 1305 quodque
304 1261 368 1296 est
393 1261 526 1297 minus
554 1261 846 1307 cognoscibile.
886 1262 1040 1306 quanto
1076 1260 1274 1296 remotIus
1312 1262 1376 1297 est
1410 1270 1433 1297 a
1471 1261 1764 1306 cognoscente.

34 1330 65 1356 15
85 1318 238 1365 (Ergo)
264 1320 339 1356 etc.

296 1389 299 1392 >
836 1368 1017 1404 Contra.
1788 1370 1836 1406 B.

225 1444 457 1481 Secundum
494 1445 697 1481 rationem
735 1445 1055 1490 Philosophi2
1098 1445 1310 1489 potentiae
1349 1445 1655 1490 cognoscuntur
1692 1454 1767 1489 per

83 1504 198 1540 actus
227 1505 267 1540 et
291 1505 407 1540 actus
433 1513 508 1549 per
535 1504 707 1540 obiecta.
756 1504 863 1550 Ergo
891 1504 1038 1540 eadem
1063 1504 1225 1540 ratione
1252 1505 1368 1540 actus
1396 1505 1459 1540 est
1485 1504 1589 1540 ratio
1617 1513 1766 1549 cogno-

84 1563 228 1600 scendi
251 1563 444 1605 habitum,
471 1563 566 1608 quia
593 1564 657 1600 est
682 1573 707 1599 a
732 1563 918 1609 potentia
943 1563 1083 1599 habitu
1108 1563 1359 1599 medIante.3

30 1773 64 1799 ρο
627 1743 939 1804 Quaestio
978 1743 1222 1795 XXXIX.

122 1864 252 1904 quta
283 1866 369 1905 hoc
403 1865 644 1915 quaeritur,
678 1866 715 1905 si
748 1866 913 1906 caritas
946 1865 1233 1916 cognoscitur
1266 1867 1342 1905 aut
1373 1876 1455 1915 per
1487 1866 1731 1905 essentiam

363 1939 439 1976 aut
471 1947 552 1986 per
584 1937 779 1987 speciem
813 1937 1009 1987 aliquam
1043 1948 1070 1976 a
1102 1947 1150 1976 se
1185 1936 1479 1976 differentem.

387 2025 649 2062 Ostenditur
675 2026 798 2071 quod
824 2035 910 2071 per
935 2026 1188 2062 essentiam
1214 2026 1467 2071 propriam.
1787 2030 1836 2066 Α,

223 2103 252 2137 1.
281 2101 384 2142 Quia
409 2102 488 2138 XII.
509 2102 646 2147 Super
665 2102 761 2139 Gen.
782 2103 840 2138 ad
860 2103 948 2146 Lit„
975 2112 1062 2148 cap.
1083 2104 1139 2144 64,
1168 2102 1429 2148 distinguitur
1454 2102 1605 2147 triplex
1631 2112 1763 2148 genus

29 2180 62 2207 25
82 2160 264 2203 visionis,
293 2161 449 2197 scilicet
475 2162 699 2207 corporalis
718 2162 785 2198 vel
805 2161 1048 2208 imaginaria
1068 2162 1109 2197 et
1128 2161 1429 2197 intellectualis.
1468 2160 1516 2196 Et
1536 2161 1632 2197 dicit
1656 2162 1764 2206 quod

82 2230 187 2266 quae
213 2220 421 2265 pertinent
446 2219 498 2257 ad
524 2231 656 2267 genus
682 2221 846 2257 tertium
880 2221 1054 2257 visionis
1090 2221 1191 2262 eius,
1230 2221 1459 2257 cuiusmodi
1496 2221 1591 2255 sunt
1627 2220 1765 2256 omnia

81 2289 187 2325 quae
215 2281 310 2316 sunt
336 2280 613 2316 essentialiter
638 2281 679 2316 in
707 2280 853 2322 anima,
893 2290 976 2316 non
1003 2280 1158 2316 habent
1184 2280 1379 2325 speciem,
1419 2288 1526 2324 quae
1558 2289 1642 2315 non
1670 2280 1764 2315 sunt

81 2339 190 2384 quod
214 2339 314 2384 ipsa.
1140 2334 1147 2339 ”

220 2399 251 2433 2.
278 2397 379 2434 Item
404 2398 701 2435 Averroesb:
731 2399 794 2442 „In
822 2399 883 2434 his
906 2408 1013 2443 quae
1035 2408 1119 2434 non
1139 2398 1294 2434 habent
1315 2397 1499 2442 speciem
1516 2397 1558 2432 in
1578 2396 1762 2438 materia,

28 2473 61 2498 30
80 2465 164 2492 non
190 2458 254 2493 est
279 2457 387 2493 aliud
419 2458 591 2494 intentio
632 2468 712 2503 qua
744 2458 992 2503 intelligitur,
1034 2459 1074 2493 et
1105 2457 1238 2493 forma
1276 2466 1357 2501 qua
1392 2457 1487 2492 sunt
1520 2456 1617 2491 illud
1653 2455 1762 2500 quod

81 2516 207 2552 sunt.“
259 2515 340 2552 Sed
367 2517 514 2552 caritas
540 2516 672 2553 forma
699 2518 762 2553 est
789 2517 976 2562 simplex,
1003 2527 1087 2552 non
1113 2517 1273 2552 habens
1301 2515 1485 2561 speciem
1511 2515 1553 2550 ln
1579 2514 1762 2550 materIa.

78 2574 184 2620 Ergo
215 2575 289 2611 etc.

220 2672 276 2711 24]
315 2672 347 2711 6]
386 2674 546 2705 secunda
583 2674 661 2706 Cor.
691 2674 732 2706 19
879 2675 920 2706 27
959 2683 1031 2706 non
1070 2672 1164 2712 sunt]
1198 2673 1281 2705 sunt
1320 2672 1476 2705 additur
1513 2672 1554 2703 in
1589 2671 1763 2710 maryine

80 2725 121 2757 31
149 2724 322 2765 speciem]
350 2726 504 2758 additur
528 2726 569 2758 in
597 2727 771 2767 margine

220 2818 231 2840 1
259 2820 329 2852 Cir.
358 2814 529 2860 Bonav.‚
560 2821 625 2861 Op.
657 2830 755 2853 omn.
787 2821 810 2859 I,
834 2821 899 2853 300
922 2819 1105 2857 (Scholion
1126 2819 1226 2859 302);
1255 2820 1506 2851 Matthaeus
1533 2819 1583 2850 ab
1610 2818 1761 2857 Aqua·

80 2874 252 2913 sparta‚
282 2873 526 2912 Quaestiones
550 2874 788 2915 Disputatae,
814 2874 852 2913 II,
869 2875 935 2906 317
957 2880 1024 2911 ss.;
1051 2874 1256 2911 Thomas,
1278 2871 1374 2905 Sem.
1402 2872 1425 2911 I,
1447 2873 1478 2903 d.
1497 2872 1549 2910 17,
1572 2880 1603 2911 q.
1624 2872 1651 2903 1.
1674 2879 1705 2902 a.
1723 2871 1759 2908 43

80 2925 177 2958 Sent.
203 2926 257 2964 III,
285 2926 316 2957 d.
345 2926 398 2965 23,
427 2936 458 2967 q.
489 2927 517 2966 1,
546 2936 576 2959 a.
605 2927 641 2966 2;
669 2927 703 2959 S.
732 2927 780 2959 th.
808 2927 831 2965 I,
861 2935 893 2966 q.
923 2927 999 2965 186,
1028 2936 1059 2959 a.
1088 2927 1124 2964 2;
1156 2926 1288 2965 Quodl.
1316 2925 1401 2964 VIII,
1431 2934 1462 2965 q.
1492 2925 1522 2957 2.
1551 2933 1581 2956 a.
1611 2925 1640 2955 4.

218 2977 233 2999 2
259 2978 328 3010 Otr.
355 2979 525 3018 Bonav.‚
555 2979 620 3020 Op.
649 2989 748 3012 omn.
774 2980 798 3019 I,
828 2980 904 3017 562,
932 2981 1004 3011 not.
1034 2979 1087 3011 10.

218 3030 233 3052 3
258 3031 463 3071 Responsio
489 3033 525 3064 et
550 3033 682 3064 solutio
709 3033 932 3064 obiectorum
958 3032 1160 3072 sequuntur
1185 3040 1219 3071 p.
1248 3031 1325 3062 214.

218 3082 233 3104 4
257 3083 313 3115 PL
339 3083 392 3122 34,
421 3084 486 3116 458
513 3093 552 3123 s.‚
579 3095 612 3117 n.
641 3086 693 3117 15.
837 3084 852 3106 5
877 3085 929 3116 De
953 3084 1096 3116 Anima
1120 3084 1172 3123 III,
1200 3085 1289 3116 text.
1319 3084 1371 3114 15.
