2095 3459
322 201 388 236 150
827 201 1004 234 Johannis
1030 201 1196 234 Pechami
1222 200 1470 237 Quaestiones.

117 357 177 388 rol.
204 356 302 387 33rb
869 333 1175 395 Quaestio
1214 331 1421 384 XVIII.

476 468 715 514 Quaeritur
746 469 892 507 utrum
924 476 1115 516 corpora
1145 465 1341 516 gloriosa
1372 464 1457 504 sint
1488 464 1635 504 futura
1667 459 1828 504 clara¹.

255 587 302 622 A.
869 578 923 615 Et
948 577 1200 614 ostenditur
1224 576 1347 622 quod
1373 576 1450 613 sic.

466 665 496 699 1.
524 662 628 703 Quia
654 661 799 698 dicitur
823 661 968 697 Matth.
996 662 1050 702 13,
1070 660 1180 702 <43>;
1208 659 1454 704 „Fulgebunt
1478 658 1573 694 iusti
1597 658 1699 694 sicut
1724 658 1818 694 sol“.

464 723 495 757 2.
522 721 622 757 Item
646 719 791 756 Matth.
819 721 874 761 17,
894 721 981 762 <2>:
1010 717 1296 763 „Resplenduit
1321 717 1447 753 facies
1468 717 1555 752 eius
1576 716 1680 752 sicut
1699 717 1794 752 sol“.
1837 716 1983 761 Utique
2003 721 2018 746 5

327 781 422 826 quia
446 780 501 816 ibi
526 779 747 824 assumpsit
773 778 998 814 claritatem
1022 777 1189 823 gloriae.
1238 776 1342 822 Ergo
1368 785 1393 812 a
1418 775 1535 811 simili
1559 776 1692 818 <etc.>.

465 840 497 875 3.
523 838 623 874 Item
643 837 974 873 Damascenus
1000 836 1119 872 dicit2
1144 836 1251 880 quod
1275 835 1365 878 „lux
1385 835 1448 870 est
1473 834 1639 870 ornatus
1666 834 1794 870 omnis
1819 833 1987 869 visibilis

329 898 577 934 ereaturae“.
613 896 694 932 Sed
721 895 788 931 illa
815 904 989 940 corpora
1015 894 1134 930 erunt
1158 893 1437 939 pulcherrima.
1487 893 1590 938 ffigo
1615 892 1939 928 luminosissima.

467 957 499 991 4.
526 955 626 991 Item
661 954 969 1000 Augustinus
1008 953 1104 989 dicit
1149 953 1184 988 V.
1210 952 1269 988 De
1294 952 1439 987 Libero
1465 951 1676 987 Arbitrio3
1710 951 1817 996 quod
1850 951 1985 986 lumen

328 1016 521 1051 lucernae
549 1015 613 1050 est
644 1013 860 1059 pretiosius
896 1021 1007 1048 auro.
1058 1011 1119 1047 Ad
1157 1011 1390 1056 dignitatem
1429 1019 1526 1055 ergo
1564 1019 1778 1055 corporum
1812 1009 1988 1054 pertinet
2009 1015 2039 1039 10

329 1073 596 1110 luminositas.
645 1072 750 1117 Ergo
778 1070 1017 1117 digniSsima
1043 1070 1160 1106 erunt
1184 1068 1510 1105 luminosissima.

259 1159 307 1195 B,
1076 1151 1253 1188 Contra.

471 1234 500 1268 1.
528 1231 710 1268 Christus
736 1231 826 1275 ipse
853 1239 935 1266 non
970 1228 1110 1265 habuit
1141 1228 1291 1264 clarum
1327 1236 1472 1272 corpus
1511 1228 1604 1271 post
1636 1226 1988 1262 resurrectionem.

332 1292 431 1327 Cum
457 1291 646 1327 viderent
672 1299 765 1326 eum
791 1288 978 1333 discipuli
1003 1288 1094 1332 post
1112 1286 1465 1327 resurrectionem,
1492 1286 1747 1331 agnoverunt
1766 1285 1896 1330 ipsum
1917 1294 1990 1330 per

331 1351 460 1395 ipsam
499 1349 689 1394 effigiem,
728 1357 848 1393 quam
886 1346 998 1392 prius
1036 1346 1244 1382 habuerat.
1293 1345 1397 1390 Ergo
1435 1354 1517 1380 non
1554 1345 1731 1380 habebat
1767 1343 1989 1380 claritatem
2011 1348 2042 1373 15

333 1409 422 1454 plus
450 1418 570 1453 quam
596 1408 702 1443 ante.

473 1468 504 1502 2.
530 1466 651 1502 Forte
672 1464 952 1510 respondebit,
968 1464 1075 1509 quod
1096 1463 1234 1499 habuit
1254 1462 1488 1503 claritatem,
1504 1462 1577 1497 sed
1595 1471 1676 1497 non
1697 1461 1873 1497 ostendit
1890 1470 1991 1501 eam,

335 1526 429 1571 quia
456 1526 597 1561 oculus
624 1523 804 1560 mortalis
832 1533 915 1559 non
940 1522 1142 1568 potuisset
1168 1531 1259 1557 eam
1285 1520 1498 1557 sustinere.

475 1584 644 1620 Contra:
683 1583 727 1619 In
764 1581 1123 1627 transfiguratione
1162 1579 1370 1625 apostolus
1408 1579 1548 1615 Petrus
1587 1578 1684 1614 vidit
1721 1578 1867 1614 faciem
1906 1577 1992 1613 eius

336 1644 541 1679 lucentem
566 1642 656 1678 luce
683 1641 838 1687 gloriae
866 1641 907 1676 et
933 1640 1155 1676 collocutus
1183 1640 1246 1674 est
1271 1638 1319 1680 ei,
1358 1638 1488 1674 donec
1523 1637 1660 1673 audita
1685 1647 1786 1673 voce
1822 1637 1993 1682 paterna
2012 1648 2045 1672 ει)

338 1702 494 1738 cecidIt.
543 1700 622 1737 Ubi
648 1701 742 1736 dicit
768 1699 915 1736 Glossa
927 1702 960 1735 ¹1:
992 1698 1081 1734 Non
1107 1697 1371 1734 substantiam
1399 1696 1531 1733 carnis
1558 1696 1701 1738 amisit,
1728 1696 1800 1732 sed
1826 1695 1993 1741 gloriam

336 1761 495 1796 futurae
522 1758 834 1795 resurrectionis
863 1757 1052 1794 ostendit.
1101 1756 1204 1802 Ergo
1239 1756 1306 1792 illa
1332 1755 1459 1801 gloria
1484 1755 1613 1791 videri
1638 1756 1773 1800 potest
1799 1755 1849 1790 ab
1876 1753 1992 1790 oculo

337 1818 507 1855 mortali.

477 1879 509 1914 3.
536 1877 635 1913 Item
661 1876 776 1917 ratio,
804 1885 930 1920 quare
956 1875 1025 1911 lux
1052 1874 1196 1910 solaris
1215 1873 1344 1910 videri
1364 1883 1445 1909 non
1465 1874 1600 1918 potest
1622 1872 1662 1908 in
1683 1882 1756 1908 suo
1777 1871 1899 1913 fonte,
1921 1872 1994 1912 est,

340 1937 434 1982 quia
470 1936 541 1972 lux
577 1936 645 1971 illa
679 1935 886 1981 disgregat
918 1934 1048 1970 visum
1084 1934 1124 1969 et
1157 1932 1240 1979 agit
1274 1933 1325 1968 ad
1359 1931 1745 1968 transmutationem.
1794 1930 1899 1972 <Sed
1924 1930 1994 1965 lux
2013 1941 2046 1965 25

340 1995 494 2041 gloriae
519 2004 604 2030 non
629 1994 713 2040 agit
743 1993 795 2030 ad
828 1992 1241 2033 transmutationem>
1289 1991 1393 2037 Ergo
1429 1991 1594 2027 tolerari
1626 1991 1763 2035 potest
1793 1990 1844 2025 ab
1877 1988 1994 2025 oculo

341 2053 511 2089 mortali.

480 2113 512 2148 4.
539 2112 638 2147 Item
665 2111 734 2147 lux
761 2112 822 2147 est
847 2110 1011 2155 propria
1036 2109 1166 2145 torma
1191 2108 1372 2154 corporis
1403 2108 1605 2153 simplicis,
1644 2107 1746 2143 sicut
1785 2107 1896 2142 color
1935 2107 1997 2142 est

340 2171 473 2207 forma
498 2170 621 2206 mixti.
671 2169 775 2215 Ergo
801 2168 1051 2214 impossibile
1079 2169 1142 2204 est
1166 2167 1233 2204 illa
1258 2167 1431 2203 inveniri
1455 2166 1496 2202 in
1514 2167 1660 2202 eodem
1680 2165 1872 2201 subiecto.
1918 2163 1997 2200 Sed

342 2230 408 2265 illa
434 2238 608 2274 corpora
634 2229 751 2264 erunt
777 2228 968 2264 colorata.
1018 2227 1134 2263 Unde
1155 2226 1335 2262 Christus
1356 2225 1532 2262 ostendit
1552 2234 1597 2261 se
1618 2224 1849 2261 coloratum.
1892 2223 1996 2268 Ergo
2016 2232 2048 2257 30

343 2288 595 2333 impossibile
622 2288 685 2323 est
712 2297 761 2323 ea
788 2296 882 2323 esse
908 2286 1095 2322 lucentia.

483 2349 514 2382 5.
540 2346 927 2391 Responde<ba>tur
953 2345 1061 2390 quod
1089 2345 1269 2381 colorata
1305 2345 1421 2380 erunt
1454 2353 1527 2388 per
1560 2343 1755 2383 naturam,
1791 2341 1863 2377 sed
1890 2341 1999 2376 clara

344 2415 419 2450 per
441 2405 727 2451 refulgentiam
752 2405 917 2450 gloriae.

485 2509 527 2541 22
554 2508 709 2548 futurae]
735 2509 901 2541 futurnae
1043 2508 1085 2540 26
1112 2506 1169 2546 ab]
1196 2506 1253 2546 ab]
1278 2502 1323 2549 -Ι-
1349 2506 1418 2539 alio

487 2614 498 2637 ¹
525 2615 595 2648 Cir.
621 2615 790 2654 Bonav.‚
821 2615 885 2655 Op.
914 2623 1012 2647 omn.
1038 2614 1093 2653 lv,
1122 2614 1226 2652 1024;
1251 2613 1450 2651 Thomas,
1478 2612 1572 2644 Sem.
1600 2611 1653 2650 IV,
1681 2611 1711 2643 d.
1737 2611 1789 2648 44,
1812 2619 1843 2650 q.
1866 2610 1895 2647 2,
1917 2618 1947 2641 a.
1971 2609 2000 2647 4,

351 2668 695 2708 quaestiunc.1—3;
714 2667 854 2709 Suppl„
877 2676 910 2708 q.
933 2668 986 2706 85,
1008 2676 1038 2699 a.
1061 2667 1166 2705 1——3;
1188 2666 1359 2705 Scotus,
1381 2664 1474 2697 sent.
1495 2664 1551 2703 IV,
1573 2665 1603 2696 d.
1624 2664 1676 2705 49,
1698 2673 1730 2704 q.
1754 2663 1811 2701 15;
1838 2662 2001 2694 Monte-

350 2713 611 2759 f01=tin0,'vl‚
639 2721 704 2753 857
730 2729 833 2761 seqq.

487 2773 502 2794 2
527 2774 578 2806 De
597 2773 675 2806 Fid.
700 2774 799 2806 Orth.
821 2774 844 2812 I,
866 2775 905 2805 7:
932 2773 1008 2805 Lux
1030 2773 1242 2812 „visibilium
1263 2772 1416 2804 omnium
1437 2772 1679 2803 creaturarum
1706 2770 1814 2802 decus
1841 2769 1876 2801 et
1901 2777 2002 2800 orna-

349 2828 507 2859 mentum
533 2826 608 2859 est“
636 2825 712 2865 (PG
738 2827 791 2865 94,
819 2825 910 2865 887).

489 2879 504 2901 3
527 2880 565 2917 ΙΙ,
594 2880 633 2911 11
662 2878 733 2918 (PL
758 2880 811 2918 32,
840 2878 953 2918 1258).

490 2931 504 2953 4
531 2932 665 2965 Glossa
692 2932 891 2964 ordinaria
917 2932 962 2964 ad
987 2931 1117 2963 Macen.
1146 2932 1197 2969 17,
1220 2932 1237 2963 2
1266 2931 1310 2963 ad
1336 2930 1432 2962 verb.
1460 2929 1630 2969 transsiy.
1681 2929 1867 2974 „Speciem
1899 2935 2004 2968 quam

353 2985 511 3017 habebat
535 2993 601 3025 per
625 2985 789 3017 naturam
816 2984 980 3022 ostendit,
1015 2993 1086 3017 non
1117 2983 1282 3017 amittens
1314 2991 1458 3015 carnem
1487 2981 1638 3024 qua<m>
1670 2980 1917 3024 assumpserat
1943 2989 2004 3014 vo-

353 3036 521 3070 luntate.“
