2095 3459
330 203 371 236 10
837 202 857 235 J
862 203 1013 235 ohannis
1041 203 1206 235 Pcchami
1238 202 1486 239 Quaestioncs.

468 300 499 336 9.
529 302 568 336 et
596 301 648 336 10.
687 300 847 335 Nonum
874 300 914 335 et
941 299 1140 335 decimum
1167 299 1363 339 concedo,
1390 298 1484 343 quia
1509 299 1606 334 nihil
1633 299 1713 335 tale
1733 300 1877 344 »potest
1903 308 1997 335 esse

329 360 368 395 in
390 360 544 399 natura,
566 359 674 403 quod
694 368 776 394 non
798 358 848 393 sit
867 357 998 393 forma
1019 357 1242 402 corporalis
1264 357 1329 393 vel
1351 357 1581 401 spiritualis.
1619 356 1736 397 Quod
1757 357 1792 393 si
1812 367 1998 402 quaeras,

329 418 501 463 qualiter
539 417 590 453 de
628 417 758 453 forma
796 416 998 461 corporali
1035 416 1172 460 potest
1217 416 1309 452 fieri
1345 415 1476 452 forma
1515 416 1745 461 spiritualis,
1793 425 1897 461 quae
1937 418 2000 452 est

329 478 415 512 tota
440 476 602 521 ubique,
633 476 723 511 dico
751 475 859 520 quod
885 475 1021 510 anima
1047 475 1245 510 sensitiva
1263 474 1407 511 dicitur
1426 474 1577 519 ubique
1598 476 1684 510 tota
1703 484 1777 519 per
1797 475 1999 519 quandem

330 535 392 571 sui
418 535 749 580 unigeneitatem‚
789 534 884 579 quia
920 533 1070 578 ubique
1110 535 1173 569 est
1209 534 1328 570 radix
1364 533 1634 569 insensitivae
1659 534 1803 569 virium
1829 534 2036 570 insensi-5

329 594 514 635 uvarum,
553 603 635 629 non
661 594 798 629 autem
826 593 889 628 est
914 592 1064 637 ubique
1092 593 1177 628 tota
1203 592 1461 637 simplicitate
1490 592 1594 628 sicut
1619 592 1754 628 anima
1779 592 2000 628 rationalis.

330 653 446 689 Unde
474 652 821 698 Augustinus,
848 652 906 687 De
927 651 1170 694 Quantitate
1189 651 1392 687 Animam
1419 651 1580 687 videtur
1607 651 1754 692 dicere,
1782 651 1889 696 quod
1910 651 2001 686 talis

330 712 476 752 anima,
502 711 597 747 licet
622 721 704 747 non
733 711 783 746 sit
809 720 882 755 per
909 720 954 746 se
983 710 1206 751 divisibilis,
1233 711 1371 746 tamen
1392 710 1523 754 possit
1544 710 1668 746 dividi
1688 709 1740 745 ad
1761 710 2002 746 divisionem

332 771 526 815 corporis.
587 770 634 806 Et
672 770 961 811 Avicenna,
1009 769 1066 805 VI.
1093 769 1417 805 Naturalium2:
1458 768 1626 812 „Anima
1662 768 1778 804 istius
1817 768 2001 804 animalis

331 840 412 866 una
439 831 501 866 est
526 830 567 865 in
594 829 754 870 effectu,
794 828 868 865 sed
894 828 1105 873 multiplex
1130 828 1171 863 in
1208 827 1393 872 potentia
1418 827 1711 872 multiplicitate
1744 827 2001 863 animarum.“
2024 834 2056 859 10

470 891 522 924 11.
550 889 612 925 Ad
637 889 897 925 undecimum
924 887 1140 923 dicendum
1168 886 1275 931 quod
1303 886 1512 931 agentium
1532 883 1735 931 quaedam
1756 886 1853 922 dant
1878 886 2005 922 totam

333 949 525 993 speciem,
565 948 669 984 sicut
707 948 774 983 illa
812 947 851 982 in
888 947 1032 991 quibus
1067 947 1130 982 est
1157 945 1319 990 species
1346 946 1432 981 tota
1460 945 1565 981 inira
1590 945 1786 981 terminos
1814 946 2004 988 naturae;

332 1008 370 1043 in
392 1007 480 1043 aliis
502 1007 694 1052 quidquid
714 1007 851 1051 potest
871 1007 1015 1041 natura
1042 1015 1095 1041 ex
1118 1004 1322 1041 beneficio
1350 1004 1582 1045 conditoris,
1608 1004 1816 1040 residuum
1845 1003 2005 1048 supplet

334 1067 450 1102 dator
476 1066 643 1102 formae.

475 1126 528 1160 12.
568 1125 629 1160 Ad
665 1124 950 1160 duodecimum
985 1124 1107 1168 patet,
1147 1123 1241 1168 quia
1277 1123 1414 1159 lumen
1442 1132 1528 1158 non
1551 1119 1678 1168 gignit
1704 1122 2005 1158 similitudinem
2027 1132 2057 1158 15

334 1185 653 1229 permanentem,
693 1183 766 1219 sed
804 1182 1121 1218 intellectualem
1149 1183 1189 1218 et
1213 1182 1393 1218 fientem.
1445 1181 1595 1217 Semen
1621 1182 1758 1217 autem
1793 1181 1902 1225 quod
1930 1180 2007 1217 sibi

335 1243 463 1279 simile
490 1243 661 1288 generat
697 1243 760 1278 est
795 1251 867 1286 per
902 1241 1196 1277 admixti0nem
1230 1240 1397 1276 alterius
1436 1239 1645 1281 materiae,
1684 1239 1788 1275 sicut
1822 1240 1934 1284 patet
1966 1239 2006 1275 in

335 1312 461 1348 grano
489 1301 728 1346 putrefacto.
779 1300 892 1341 Quae
920 1300 1056 1336 omnia
1081 1299 1363 1345 indignitatem
1389 1299 1618 1344 important.

475 1362 527 1397 13.
555 1361 617 1396 Ad
645 1360 846 1396 decimum
872 1360 1036 1395 tertium
1062 1359 1279 1394 dicendum
1307 1359 1415 1403 quod
1442 1358 1604 1403 quidam
1626 1358 1763 1393 dicunt
1783 1358 1890 1402 quod
1912 1357 2008 1394 illud

335 1421 443 1465 quod
464 1420 675 1464 praecedit
694 1418 941 1455 infusionem
961 1418 1122 1454 animae
1144 1418 1353 1454 rationalis
1375 1427 1458 1453 non
1480 1418 1543 1453 est
1564 1417 1642 1453 nisi
1656 1417 1783 1452 virtus
1805 1417 2006 1462 quaedam
2025 1426 2058 1452 20

335 1479 624 1515 intentionalis.
668 1478 755 1514 Hoc
782 1479 845 1514 est
864 1477 1010 1513 falsum
1031 1476 1248 1513 manifeste
1270 1477 1430 1512 dicente
1458 1476 1602 1512 Philo
1617 1486 1635 1512 s
1649 1477 1799 1520 oph0‚
1826 1475 1925 1512 XVI.
1946 1476 2007 1512 De

335 1538 647 1588 Animantium:
688 1537 891 1581 „Necesse
928 1536 1003 1572 erit
1028 1537 1069 1572 in
1097 1536 1297 1580 concepto
1334 1535 1443 1580 prius
1477 1535 1612 1571 anima
1645 1535 1830 1576 cibativa‚
1859 1536 2008 1571 etcum

338 1597 514 1633 creverit
541 1597 616 1633 erit
641 1597 681 1632 in
709 1606 758 1633 eo
785 1596 921 1632 anima
949 1595 1166 1636 sensibilis,
1203 1604 1277 1640 per
1303 1604 1424 1639 quam
1452 1594 1595 1630 dicitur
1632 1594 1792 1629 animal.
1841 1593 1889 1629 Et
1926 1604 2007 1630 non

339 1657 414 1693 erit
439 1656 586 1692 animal
615 1656 731 1692 simul
759 1657 799 1691 et
825 1656 958 1696 homo,
985 1664 1144 1699 necque
1173 1663 1302 1698 equus
1326 1654 1366 1689 et
1387 1653 1546 1693 animal,
1574 1653 1648 1689 sed
1669 1653 2008 1697 complementum

341 1717 416 1752 erit
442 1716 482 1751 in
510 1716 682 1751 ultimo.“
2026 1719 2060 1744 25

478 1775 554 1811 Alii
574 1775 752 1810 fatentur
769 1774 821 1810 ibi
841 1783 935 1809 esse
954 1773 1113 1813 animal,
1136 1772 1209 1808 sed
1230 1771 1364 1816 perire
1386 1770 1634 1807 adveniente
1655 1770 1790 1806 anima
1810 1770 2007 1806 rationali.

340 1834 456 1874 Quod
481 1834 625 1870 falsum
652 1834 833 1878 apparet,
860 1832 955 1877 quia
980 1832 1124 1868 natura
1149 1831 1246 1866 nihil
1273 1830 1355 1875 agit
1380 1830 1431 1865 ad
1458 1829 1771 1874 corruptionem.
1806 1829 2007 1874 Amplius:

340 1893 436 1929 nihil
463 1892 730 1937 corrumpitur
756 1892 833 1927 nisi
860 1901 933 1936 per
960 1890 1208 1926 contrarium
1233 1890 1300 1925 vel
1327 1889 1657 1925 subtractIOnem.
1708 1888 1854 1924 Anima
1873 1890 2009 1924 autem

339 1952 547 1988 rationalis
574 1951 801 1987 adveniens
828 1960 911 1986 non
937 1951 1062 1985 habet
1088 1949 1391 1996 oppositionem
1417 1958 1507 1984 cum
1547 1948 1757 1989 sensitiva,
1795 1958 1901 1993 quae
1936 1948 2009 1984 fuit

340 2011 552 2055 dispositio
579 2010 819 2046 necessaria
856 2009 907 2045 ad
945 2009 1086 2053 ipsam.
1137 2008 1237 2044 Item
1275 2008 1631 2052 Philosophus
1670 2008 1765 2043 ante
1801 2007 2060 2052 praedicta·3o

340 2071 467 2106 verba
487 2069 596 2105 dicit:
620 2069 782 2111 „Sermo
803 2068 975 2104 dicentis
997 2068 1105 2112 quod
1126 2067 1221 2103 illud
1243 2067 1351 2112 quod
1371 2067 1492 2102 homo
1515 2067 1708 2110 operatur
1732 2063 2008 2110 corrumpitur,

341 2128 556 2173 postquam
590 2127 734 2163 iecerit
770 2126 905 2163 omnia
944 2127 1136 2167 membra,
1176 2126 1239 2161 est
1276 2125 1437 2161 falsus.“
1498 2124 1635 2160 Manet
1674 2133 1771 2169 ergo
1812 2124 2009 2160 sensitiva

342 2187 479 2233 genita
505 2187 544 2222 et
568 2186 613 2222 fit
640 2185 858 2221 materialis
885 2184 1099 2229 dispositio
1138 2185 1189 2220 ad
1227 2184 1475 2220 intellectum
1513 2184 1564 2219 ab
1604 2184 1721 2219 extra
1763 2183 2008 2219 venientem.

342 2243 385 2281 In
414 2255 493 2291 quo
523 2245 742 2286 intellectu,
778 2244 810 2279 si
842 2244 922 2279 sint
947 2244 1056 2279 vires
1084 2243 1306 2279 sensitivae
1335 2243 1401 2278 vel
1426 2252 1519 2283 non,
1556 2241 1723 2278 inferius
1750 2241 2008 2286 inquiretur4.

481 2305 534 2340 14.
573 2304 634 2340 Ad
661 2304 861 2340 decimum
888 2303 1075 2347 quartum
1100 2302 1364 2343 <dicendum>
1391 2301 1499 2346 quod
1525 2300 1754 2336 necessitas
1785 2299 2008 2336 coactionis
2027 2309 2059 2335 35

344 2364 544 2408 repugnat
563 2362 749 2403 libertati,
775 2371 856 2397 non
878 2362 1012 2397 autem
1034 2360 1265 2397 necessitas
1284 2360 1499 2396 immobilis
1521 2359 1729 2404 propositi.
1773 2358 1878 2403 Ergo
1900 2358 2008 2394 Deus

344 2423 553 2458 voluntate
579 2421 674 2458 facit
702 2422 741 2457 et
768 2420 1067 2465 quodammodo
1094 2419 1324 2455 voluntario
1359 2418 1464 2459 iacit,
1504 2427 1585 2454 non
1622 2419 1776 2459 coacte,
1816 2418 1889 2453 sed
1927 2426 2009 2453 non

346 2480 482 2516 mobili
508 2480 727 2516 voluntate.

486 2541 538 2575 15.
566 2539 627 2575 Ad
654 2538 851 2574 decimum
879 2538 1060 2582 quintum
1082 2566 1087 2573 .
1111 2566 1117 2573 .
1143 2566 1149 2573 .
1171 2537 1296 2580 (deest
1321 2537 1504 2581 solutio).

487 2600 540 2634 16.
568 2596 628 2633 Ad
655 2597 854 2633 decimum
881 2598 1043 2632 sextum
1070 2596 1284 2632 dicendum
1311 2595 1418 2640 quod
1444 2595 1510 2630 illa
1544 2596 1689 2630 natura
1715 2594 2007 2630 nobilissimum
2027 2607 2059 2633 40

348 2658 574 2694 subiectum
612 2657 812 2701 procurat.
851 2656 1004 2691 scilicet
1038 2665 1185 2700 corpus
1225 2654 1477 2700 organicum,
1519 2653 1759 2698 dispositum
1797 2653 1848 2689 ad
1887 2652 2008 2688 vitam

488 2779 506 2810 2
545 2777 661 2818 Quod]
690 2779 774 2818 quia
916 2779 933 2809 5
972 2774 1222 2816 insensitivae]
1248 2777 1283 2808 in
1309 2776 1494 2808 senectute
1638 2775 1678 2806 16
1715 2772 1857 2813 Semen]
1892 2774 2008 2805 lumen

352 2833 391 2874 17
420 2827 490 2873 est]
517 2831 534 2860 ἱ)
632 2831 674 2863 36
701 2830 893 2872 repugnat]
918 2829 1191 2870 repugnationis
1287 2829 1329 2860 40
1365 2828 1539 2860 decimum
1565 2825 1720 2865 sextum]
1754 2826 1826 2859 XV.
1862 2826 1931 2858 Sed
1961 2825 2012 2858 ad

350 2886 417 2917 hoc
442 2885 578 2917 solutio
605 2884 703 2916 deest
799 2884 838 2915 41
868 2881 1080 2920 subiectum]
1108 2882 1331 2914 substantiae
1346 2880 1392 2920 (¹2)

492 3002 503 3024 ¹
528 3003 745 3034 Praesertim
770 3011 847 3041 cap.
876 3002 916 3032 31
945 2999 1016 3039 (PL
1042 3000 1095 3036 32,
1124 3000 1211 3031 1069
1239 2998 1358 3039 seqq.)
1499 2996 1512 3018 '2
1538 2998 1667 3029 Locum
1694 3006 1764 3029 non
1792 2997 1921 3029 inveni.

490 3055 504 3077 3
529 3055 580 3087 De
607 3056 691 3087 Gen.
718 3054 838 3087 Anim.
866 3054 903 3092 ΙΙ,
931 3054 961 3086 3.
1103 3052 1116 3073 ⁴
1143 3052 1181 3088 Q.
1210 3052 1281 3083 VII.
