2095 3459
331 202 396 238 116
838 205 1013 239 »Iohannis
1040 207 1205 240 Pechami
1233 202 1482 244 Quaestiones.

124 306 184 338 fol.
212 307 312 338 28¹'b
333 302 439 338 adsit
464 302 711 339 alimentum.
762 302 879 343 Quod
915 303 947 339 si
975 303 1146 339 velimus
1185 304 1322 340 dicere
1358 313 1531 349 corpora
1555 304 1777 342 inanimata
1803 314 1899 342 esse
1917 308 1930 349 11
1948 304 1999 342 ab

330 361 513 397 interiori
540 362 826 407 corruptibilia,
852 363 1097 407 responderi
1122 364 1259 408 potest
1283 363 1336 399 ad
1355 364 1649 409 argumentum,
1677 365 1785 409 quod
1812 366 2001 409 quattuor

332 420 538 457 elementa
565 423 659 457 sunt
684 422 725 457 in
751 422 878 458 mixto
906 422 1068 458 mutatis
1097 422 1315 467 speciebus
1342 422 1529 466 confusa;
1556 423 1612 459 ita
1637 425 1785 465 tamen,
1813 424 1921 469 quod
1948 434 2001 460 ex

330 479 425 524 igne
451 480 605 516 habent
631 481 888 523 caliditatem,
924 491 977 517 ex
1011 491 1118 526 aqua
1143 481 1414 527 frigiditatem.
1464 482 1575 518 Licet
1612 482 1731 528 igitur
1770 483 1881 519 calor
1918 492 2001 519 non

330 539 425 583 agat
451 538 490 574 in
517 539 729 575 materiam
756 540 971 585 propriam,
999 541 1038 576 in
1067 542 1261 585 quantum
1285 541 1349 576 est
1374 541 1547 585 qualitas
1582 541 1714 587 ignea,
1750 541 1833 588 agit
1863 542 1999 578 tamen
2020 549 2036 574 5

314 597 369 632 in
399 607 500 639 eam,
528 598 765 643 inquantum
795 601 859 635 est
884 600 1161 644 potentialiter
1188 601 1228 636 et
1252 599 1485 636 radicaliter
1512 600 1726 637 contraria.

469 657 531 693 Ad
553 659 740 694 sextum1
762 658 979 695 dicendum
1001 660 1108 704 quod
1128 668 1256 704 grave
1271 668 1353 695 non
1369 660 1433 695 est
1446 660 1585 695 natum
1599 660 1814 704 quiescere
1830 669 2000 696 sursum.

329 714 376 750 Et
402 725 491 752 cum
518 717 615 753 dicit
640 717 749 761 quod
774 727 913 763 grave,
941 719 1092 763 quanto
1122 719 1185 754 est
1209 718 1406 754 remotius
1427 728 1452 754 a
1472 720 1625 760 centro,
1651 719 1763 755 tanto
1787 721 1850 755 est
1870 718 2001 755 minus

329 783 467 819 grave,
505 775 723 812 dicendum
751 777 860 821 quod
886 786 1029 813 ver-um
1056 777 1129 819 est,
1168 776 1209 812 in
1235 778 1429 822 quantum
1456 778 1507 813 ad
1534 777 1705 813 formam
1739 778 1888 823 gravis.
1928 778 2002 814 sed

330 834 524 877 quantum
550 834 602 870 ad
629 834 935 871 inclinationem
961 835 1098 880 gravis
1125 845 1208 871 non
1234 845 1309 880 per
1335 845 1391 877 se,
1419 837 1494 872 sed
1520 845 1594 881 per
1620 836 1824 872 accidens.
1869 836 2002 873 Grave
2024 842 2056 867 10

331 891 439 927 enim
466 894 654 929 movetur
679 903 704 929 a
729 894 876 930 virtute
903 894 982 930 loci
1009 894 1262 936 attrahentis,
1290 896 1330 931 et
1356 895 1450 940 quia
1476 896 1627 940 quanto
1648 895 1913 940 propinquius
1941 896 2004 932 est

331 952 484 992 centro,
505 952 618 988 tanto
639 952 783 988 fortius
805 953 982 999 tangitur
1002 963 1027 989 a
1046 953 1194 990 virtute
1215 953 1304 995 loci,
1325 953 1418 989 ideo
1439 954 1553 990 tanto
1575 955 1763 990 movetur
1782 954 1963 990 velocius
1978 955 2002 989 2.

330 1008 427 1045 Cum
457 1019 555 1055 ergo
583 1011 679 1047 dicit
705 1013 814 1056 quod
842 1021 963 1048 omne
990 1012 1147 1048 finitum
1168 1022 1241 1057 per
1261 1012 1561 1049 abscissionem
1583 1013 1646 1049 sui
1665 1013 1881 1057 aliquoties
1908 1012 2004 1048 mul-

330 1068 551 1113 tiplicatam
572 1071 700 1106 totum
720 1071 983 1113 consumitur,
1005 1071 1222 1107 dicendum
1244 1072 1351 1116 quod
1372 1071 1412 1107 id
1432 1072 1556 1108 habet
1576 1072 1822 1113 instantiam,
1840 1072 2003 1116 quando

331 1127 446 1163 actus
473 1128 628 1164 tantum
656 1129 848 1165 minuitur
886 1130 975 1166 sine
1015 1130 1282 1166 diminutione
1320 1140 1483 1172 causae,
1521 1132 1565 1167 ut
1602 1132 1666 1167 est
1703 1131 1742 1166 in
1781 1130 2003 1175 proposito.
2026 1136 2057 1160 15

332 1185 435 1226 Quia
461 1188 833 1233 quantumcumque
860 1189 1105 1234 impediatur
1130 1189 1246 1225 actus
1272 1189 1496 1235 gravitatis,
1523 1199 1688 1234 semper
1708 1190 1844 1225 tamen
1867 1190 2005 1225 manet

330 1245 510 1289 gravitas
538 1246 754 1283 habitualis
782 1248 978 1293 aequalis.
1029 1248 1154 1284 Verbi
1180 1248 1331 1293 gratia:
1372 1248 1531 1289 Quanto
1565 1248 1696 1284 minor
1730 1249 1793 1284 est
1819 1248 2003 1287 circulus,

330 1305 443 1339 tanto
483 1305 612 1350 magis
650 1306 784 1342 curvis
822 1308 896 1349 est,
936 1308 976 1343 et
1011 1307 1140 1353 magis
1178 1307 1336 1343 recedit
1361 1317 1385 1343 a
1409 1307 1665 1343 rectitudine.
1715 1307 1761 1342 Et
1787 1309 1935 1348 tamen,
1971 1306 2004 1342 si
2062 1318 2064 1321 ’

331 1372 456 1407 super
493 1363 588 1400 illud
628 1366 813 1401 centrum
851 1367 1081 1412 augeantur
1119 1366 1257 1402 circuli
1294 1366 1335 1402 in
1370 1365 1581 1407 infinitum,
1621 1366 1805 1410 quamvis
1842 1375 2005 1411 semper

331 1422 533 1458 minuatur
559 1423 789 1468 obliquitas,
825 1435 1033 1469 nunquam
1059 1426 1197 1461 tamen
1225 1425 1424 1461 rectitudo
1452 1425 1630 1461 totaliter
1657 1425 1871 1467 obtinetur,
1911 1424 2005 1470 quia
2024 1434 2057 1459 ρο

331 1490 495 1525 semper
516 1484 655 1518 manet
675 1492 802 1519 causa
822 1484 1082 1529 obliquitatis,
1099 1493 1204 1529 quae
1226 1485 1289 1520 est
1310 1493 1453 1520 omnes
1475 1484 1606 1520 lineas
1629 1484 1798 1520 eductas
1817 1493 1842 1519 a
1862 1484 2002 1519 centro

329 1539 380 1575 ad
407 1540 777 1577 circumferentiam
805 1552 901 1578 esse
928 1543 1138 1587 aequales.
1164 1563 1209 1567 —
1234 1543 1334 1579 Item
1359 1542 1460 1579 fallit
1485 1543 1553 1578 illa
1579 1542 1814 1588 propositio,
1842 1542 2003 1587 quando

329 1600 393 1634 est
420 1599 622 1636 abscissio
644 1600 770 1645 partis
791 1601 1218 1646 improportionabilis‚
1246 1601 1351 1637 sicut
1371 1602 1435 1637 est
1454 1601 1495 1637 in
1515 1601 1664 1647 angulo
1686 1601 2004 1647 contingentiae,

328 1658 396 1702 qui
425 1658 459 1693 si
485 1658 679 1695 infinities
706 1660 973 1696 abscindatur
998 1661 1049 1696 ab
1076 1660 1225 1706 angulo
1252 1660 1477 1702 rectilineo,
1513 1669 1720 1705 nunquam
1747 1661 1885 1696 tamen
1912 1669 2004 1696 eum

330 1718 533 1753 consumit
554 1718 742 1754 totaliter.
757 1719 915 1754 —Item
936 1719 1045 1760 fallit,
1066 1720 1228 1763 quando
1252 1720 1315 1755 est
1335 1718 1544 1755 diminutio
1565 1718 1790 1755 secundum
1803 1718 2004 1754 rationem
2024 1727 2057 1752 ‘25

330 1775 499 1811 alicuius
522 1775 744 1817 infinitatis,
773 1777 839 1813 vel
860 1777 1079 1813 exterioris
1101 1778 1167 1826 vel
1187 1777 1403 1814 interioris.
1440 1777 1677 1819 Exterioris‚
1698 1778 1740 1813 ut
1760 1786 1849 1813 cum
1870 1777 2006 1813 anima

333 1843 510 1878 peccans
537 1836 735 1871 avertitur
761 1846 786 1871 a
811 1836 911 1877 Deo,
939 1836 1007 1881 qui
1034 1837 1097 1872 est
1122 1836 1315 1872 infinitus.
1364 1836 1576 1881 Nunquam
1602 1837 1740 1872 tamen
1766 1836 1904 1880 potest
1921 1837 2006 1871 tan-

331 1895 413 1928 tum
450 1894 591 1935 averti,
627 1894 724 1939 quin
757 1896 901 1940 posset
935 1895 1108 1940 amplius
1134 1904 1311 1940 peccare
1339 1896 1379 1931 et
1405 1904 1451 1932 se
1478 1894 1607 1940 magis
1634 1904 1659 1930 a
1684 1894 1771 1930 Deo
1799 1895 2004 1940 elongare.

470 1952 697 1989 Dicendum
736 1954 846 1998 quod
883 1954 979 1990 illud
1017 1955 1326 2000 argumentum3
1364 1963 1445 1990 non
1485 1953 1699 1995 concludit,
1737 1953 1846 1998 quod
1883 1954 2004 1989 homo

331 2012 556 2047 secundum
593 2013 779 2048 naturam
816 2012 1023 2057 perfectus
1059 2014 1183 2049 habet
1216 2022 1312 2049 esse
1338 2013 1654 2058 incorruptibile.
1703 2012 1750 2048 Et
1776 2012 1866 2048 dico
1896 2021 2058 2057 „per-:³0

331 2070 481 2106 fectum
509 2073 734 2107 secundum
757 2073 965 2108 naturam“
989 2073 1215 2108 secundum
1235 2072 1538 2108 distinctionem
1557 2071 1795 2117 Magistri,
1823 2072 2005 2108 secundo

330 2129 673 2166 ,sententiamm4
698 2131 883 2169 dicentis.
911 2131 1019 2176 quod
1047 2133 1110 2167 est
1130 2130 1354 2176 perfectum
1377 2131 1601 2167 secundum
1622 2132 1794 2176 tempus,
1821 2132 1864 2166 ut
1882 2132 2004 2166 homo

332 2188 370 2223 in
399 2190 506 2224 statu
533 2189 808 2230 innocentiae,
838 2192 878 2226 et
904 2190 1129 2235 perfectum
1158 2190 1384 2226 secundum
1410 2191 1607 2230 naturam,
1646 2193 1688 2233 ut
1715 2189 1791 2225 erit
1816 2190 1937 2225 homo
1964 2189 2004 2225 in

331 2248 470 2291 gloria,
498 2248 661 2293 quando
689 2249 857 2285 habebit
883 2249 1076 2294 quidquid
1103 2250 1249 2285 natura
1274 2249 1493 2285 desiderat.

470 2306 517 2343 Et
544 2307 603 2343 sic
629 2308 815 2352 procedit
842 2308 1002 2344 decima
1028 2309 1069 2344 et
1094 2307 1310 2344 undecima
1335 2307 1495 2350 <ratio>.
2024 2319 2056 2345 35

470 2365 531 2401 Ad
572 2366 885 2402 duodecimam-5
923 2366 1140 2402 dicendum
1179 2366 1288 2411 quod
1326 2366 1420 2402 illud
1455 2366 1736 2411 argumentum
1774 2366 1919 2410 probat
1953 2366 2003 2401 de

330 2424 516 2468 potentia
536 2426 706 2467 remota,
727 2435 809 2461 non
826 2426 877 2461 de
894 2425 1078 2470 potentia
1094 2425 1333 2470 propinqua.
1370 2424 1500 2460 Prima
1520 2424 1712 2460 differunt
1732 2424 2002 2469 perspicuitas

471 2524 490 2554 5
519 2522 688 2563 qualitas]
715 2523 912 2555 secundum
942 2531 1049 2563 quam
1145 2522 1163 2554 8
1193 2521 1339 2562 quanto]
1373 2523 1542 2562 quantum
1642 2522 1683 2554 13
1711 2521 1916 2562 aliquoties]
1943 2522 2004 2554 ali-

332 2575 478 2614 quotam
576 2576 619 2607 26
644 2575 838 2614 interioris]
865 2576 1046 2608 inferioris

471 2668 483 2691 1
510 2669 628 2710 Supra
653 2679 686 2711 p.
716 2670 792 2703 108.

470 2721 485 2743 2
511 2722 581 2755 Cir.
609 2723 752 2762 Arist,
780 2722 833 2756 De
861 2723 971 2756 Caelo
996 2723 1034 2762 II,
1063 2723 1121 2755 14:
1160 2723 1235 2762 „Ad
1261 2722 1416 2755 medium
1442 2723 1550 2764 igitur
1574 2723 1733 2756 universi
1761 2723 1921 2755 ferantur
1946 2722 2005 2760 (ea

334 2783 427 2815 quae
454 2776 595 2816 pondus
622 2773 771 2818 habent)
804 2785 956 2809 necesse
989 2777 1054 2808 est.
1104 2776 1244 2808 Etenim
1281 2775 1377 2808 levia
1415 2777 1523 2816 atque
1561 2776 1666 2817 ignis,
1705 2776 1750 2808 ad
1787 2776 2003 2808 contrarium

332 2829 554 2868 ponderibus
579 2829 698 2862 terrae
723 2829 913 2870 pergentia
940 2829 1067 2868 locum,
1104 2829 1149 2861 ad
1174 2829 1334 2861 ultimum
1361 2829 1438 2861 eius
1464 2829 1544 2868 loci,
1581 2829 1641 2869 qui
1667 2829 1824 2861 continet
1849 2829 2002 2861 medium

331 2881 461 2920 ipsum,
489 2880 685 2914 feruntur.“
736 2881 851 2923 Aug..
878 2882 930 2914 De
956 2882 1030 2914 Civ.
1057 2882 1140 2920 XIII,
1170 2882 1211 2913 18
1238 2880 1309 2920 (PL
1336 2882 1389 2919 41,
1417 2880 1509 2920 390).

471 2932 486 2955 3
511 2933 629 2975 Supra
654 2943 688 2975 p.
717 2934 793 2974 108,
820 2934 861 2974 A,
890 2935 920 2967 8.
947 2935 983 2967 et
1009 2935 1039 2967 9.

472 2985 486 3007 4
512 2986 608 3019 Sent.
636 2987 674 3026 II,
702 2988 733 3020 d.
760 2987 816 3027 IV,
844 2996 923 3028 cap.
952 2988 981 3020 1.
1032 2987 1206 3020 Videatur
1240 2987 1335 3028 apud
1370 2987 1543 3026 Bonav.,
1581 2987 1647 3028 Op.
1680 2996 1778 3020 omn.
1810 2987 1849 3027 ΙΙ,
1877 2986 1942 3019 130
1969 2987 2003 3019 et

333 3039 396 3071 cfr.
423 3039 560 3071 ibidem
588 3040 664 3079 143,
691 3040 772 3072 dub.
799 3040 852 3073 ΙΙΙ.

471 3091 486 3112 ⁵
513 3091 631 3133 Supra
655 3101 690 3133 p.
719 3093 784 3126 108
811 3101 839 3125 s.
