2095 3459
814 178 985 215 Quaestio
1014 180 1049 211 Η,
1728 178 1770 211 15

99 276 162 311 est
187 275 403 311 actualitas
431 274 588 311 infinita
617 276 705 312 sine
733 278 824 312 actu
853 276 1020 311 infinito.
1072 275 1175 321 Ergo
1204 286 1280 312 nec
1301 275 1586 311 defectibilitas
1614 276 1771 312 infinIta

101 334 191 370 sine
230 334 392 370 defectu
428 334 598 370 infinito.
650 335 729 371 Sed
758 336 835 370 hoc
863 345 944 370 non
974 337 1086 371 esset
1113 335 1201 371 sine
1229 335 1489 379 corruptione
1517 335 1581 370 vel
1617 335 1771 371 annihi-

99 393 264 429 latione.
302 392 407 438 Ergo
430 403 551 429 omne
575 394 857 436 <defectibile>
886 394 1084 429 infinitum
1113 394 1368 433 annihilatur,
1400 394 1465 430 vel
1491 394 1634 430 saltem
1662 395 1769 438 quod

101 452 233 488 minus
261 453 539 497 corrumpitur.

240 511 336 547 Item
366 521 454 547 cum
483 512 571 556 plus
600 512 651 548 sit
677 512 891 548 annihilari
919 521 1036 556 quam
1068 512 1167 547 mori
1188 512 1252 548 vel
1285 522 1497 557 corrumpl.
1526 512 1559 548 si
1579 514 1641 549 est
1659 513 1772 548 anni-

98 570 262 606 hilabile
290 571 329 606 in
357 573 551 615 quantum
578 571 747 613 finitum,
775 571 899 607 multo
922 571 1050 616 magis
1080 573 1142 607 est
1169 572 1441 616 corruptibile.

239 630 293 666 20.
322 630 418 666 Item
447 631 480 666 si
507 631 643 666 anima
671 632 734 667 est
760 631 1008 671 immortalis,
1040 632 1109 666 aut
1136 632 1212 667 hoc
1239 632 1362 667 habet
1388 641 1412 667 a
1438 631 1602 676 propria
1628 632 1773 667 natura

97 691 166 726 aut
192 690 243 726 ab
281 690 517 726 extrinseca
552 690 776 726 influentia.
826 690 913 725 Non
953 690 1081 734 primo
1122 691 1254 731 modo,
1294 700 1392 736 ergo
1431 700 1509 726 nec
1547 691 1771 727 secundum

98 748 259 785 sufficit.
311 749 440 785 Video
470 749 588 789 enim,
616 749 724 794 quod
751 748 889 785 lumen
910 750 960 785 ad
982 750 1260 794 praesentiam
1284 750 1474 786 luminosi
1495 759 1577 786 non
1599 759 1774 786 corrum-

48 811 79 838 10
98 807 203 852 pitur
229 808 269 843 in
291 808 425 844 medio
447 810 615 853 propter
641 807 895 844 influentiam
922 808 1169 851 lumino<si>.
1199 812 1212 852 Η
1240 809 1298 845 Ita
1318 809 1351 845 si
1372 809 1508 845 anima
1531 810 1594 845 est
1614 809 1772 845 immor-
1794 816 1853 849 fol.
1876 816 1981 849 36¹²·c1

97 866 201 907 talis,
228 868 384 902 tantum
412 876 466 903 ex
493 867 747 903 manutentia
774 868 1140 911 supernaturaliter
1168 869 1231 904 est
1257 868 1507 904 immortalis.

237 926 292 961 21.
320 925 418 962 Item
447 926 632 962 eiusdem
660 925 872 971 potentiae
893 928 956 962 est
977 928 1075 963 dare
1098 937 1193 963 esse
1216 929 1256 963 et
1277 927 1626 964 continuationem
1648 928 1775 973 ipsius

98 988 229 1021 esse1.
282 985 361 1021 Sed
390 985 500 1021 Deus
529 989 611 1021 non
638 986 707 1021 dat
734 995 829 1021 esse
857 985 1019 1022 animae
1040 986 1119 1022 nisi
1145 987 1184 1022 in
1213 996 1397 1031 corpore.
1446 986 1551 1033 Ergo
1579 997 1656 1023 nec
1684 997 1777 1023 con-

97 1044 413 1087 tinua<tionem>
450 1045 512 1081 sui
548 1054 654 1081 esse.
716 1044 821 1091 Ergo
870 1046 1028 1082 mortuo
1069 1055 1241 1090 corpore
1281 1056 1458 1082 necesse
1500 1048 1562 1082 est
1599 1047 1776 1082 animam

47 1106 79 1132 15
98 1104 345 1140 interimere.

238 1164 294 1199 22.
322 1163 420 1199 Item
448 1163 482 1199 si
510 1164 574 1199 est
599 1163 849 1204 immortalis,
884 1165 930 1200 vet
956 1164 1284 1209 incorruptibilis.
1336 1164 1416 1201 Sed
1454 1174 1535 1200 non
1571 1165 1777 1210 incorrup-

98 1222 232 1259 tibilis,
275 1222 381 1268 Ergo
410 1225 485 1259 etc.
536 1223 725 1259 Probatio
746 1224 1004 1268 assumptae:
1033 1222 1135 1264 Quia
1156 1224 1416 1269 corruptibile
1439 1223 1534 1260 dicit
1553 1224 1776 1269 potentiam

98 1282 138 1317 in
165 1281 312 1317 anima.
363 1281 467 1327 Ergo
495 1282 802 1327 incorruptibile
829 1282 962 1327 privat
988 1283 1212 1327 potentiam
1239 1283 1279 1318 in
1317 1283 1497 1319 animata
1536 1284 1776 1324 substantia,

100 1341 179 1377 Sed
202 1341 432 1377 substantia
453 1344 516 1377 est
536 1351 604 1378 res
623 1342 753 1386 prima
772 1342 938 1387 generis
949 1344 974 1377 2.
1009 1341 1114 1388 Ergo
1136 1342 1441 1388 incorruptibile
1462 1343 1594 1388 privat
1614 1353 1777 1380 omnem

47 1406 81 1432 20
99 1400 322 1445 potentiam
351 1401 527 1446 generis.
579 1400 660 1437 Sed
697 1400 796 1436 nihil
835 1402 899 1437 est
935 1401 975 1436 in
1015 1411 1182 1446 genere,
1221 1402 1261 1437 in
1300 1412 1379 1447 quo
1407 1412 1489 1439 non
1517 1403 1568 1438 sit
1594 1403 1777 1448 potentia

99 1459 276 1505 generis.
326 1459 431 1506 Ergo
460 1460 494 1496 si
519 1460 656 1496 anima
684 1460 895 1496 rationalis
916 1461 980 1496 est
998 1460 1326 1505 incorruptibilis,
1353 1470 1436 1497 non
1458 1463 1522 1497 est
1541 1462 1580 1497 in
1602 1470 1776 1507 genere;

100 1519 166 1554 vel
193 1519 228 1554 si
255 1520 318 1555 est
343 1519 384 1555 in
410 1528 578 1565 genere,
617 1529 699 1555 non
739 1520 803 1555 est
826 1519 1156 1564 incorruptibilis.
1208 1519 1324 1560 Quod
1351 1522 1488 1556 autem
1515 1521 1776 1566 corruptibile

101 1578 208 1614 dicat
233 1578 460 1623 potentiam
486 1579 526 1614 in
555 1579 784 1614 substantia
810 1579 1011 1623 probabat
1037 1579 1115 1615 sic:
1143 1579 1330 1615 Potentia
1355 1581 1443 1622 <et>
1468 1580 1641 1625 privatio
1669 1581 1776 1616 idem

101 1637 322 1682 important
349 1638 575 1673 secundum
602 1637 1107 1674 Commentatoremss.
1148 1639 1228 1675 Sed
1250 1639 1511 1684 corruptibile
1533 1640 1628 1676 dicit
1647 1640 1778 1685 priva-

50 1701 84 1728 25
103 1696 267 1732 tionem.
317 1696 491 1742 Ergo'et
516 1697 753 1742 potentiam.

241 1756 424 1801 Amplius
452 1755 715 1807 corruptibile
745 1758 808 1792 est
834 1757 1039 1798 mutabile,
1067 1757 1211 1793 nonin
1233 1757 1330 1793 nihil
1352 1758 1426 1798 sed
1452 1757 1493 1793 in
1519 1757 1682 1802 aliquid.
1731 1757 1778 1793 Et

101 1815 179 1851 hoc
220 1815 428 1851 mediante
476 1815 662 1860 potentia
709 1815 894 1851 naturali.
957 1816 1053 1852 Ideo
1099 1817 1360 1862 corruptibile
1404 1817 1640 1862 simpliciter
1683 1817 1779 1853 dicit

101 1874 336 1919 potentiam.

240 1934 294 1969 23.
322 1933 420 1969 Item
447 1934 583 1969 anima
610 1934 734 1970 habet
759 1934 972 1971 materiam
982 1937 1007 1970 4.
1058 1934 1139 1971 Sed
1171 1935 1213 1971 in
1239 1936 1384 1971 natura
1410 1935 1608 1971 materiae
1635 1945 1779 1972 neces-

49 2002 83 2030 30
103 1993 211 2029 saria
238 1994 301 2029 est
327 1993 499 2038 privatio
527 1994 753 2030 secundum
779 1994 1136 2039 Philosophum
1150 1997 1174 2030 ⁵.
1228 1994 1303 2030 Ubi
1322 1995 1459 2030 autem
1479 1994 1664 2039 privatio,
1692 2004 1779 2030 cor-

101 2052 234 2097 ruptio
257 2062 352 2088 esse
373 2054 520 2097 potest.
546 2052 652 2099 Ergo
673 2053 741 2089 ubi
761 2053 944 2095 materia,
966 2053 1182 2098 corruptio.
1220 2053 1339 2090 Unde
1360 2053 1507 2089 Philo
1521 2063 1539 2089 s
1553 2054 1717 2098 ophus
1739 2054 1779 2089 in

103 2112 182 2147 VII.
203 2112 471 2157 <Mecaph.>⁶:
501 2112 693 2155 „Materia
715 2113 778 2149 est
797 2113 839 2148 in
859 2112 1052 2157 quolibet,
1074 2113 1183 2158 quod
1204 2113 1342 2158 potest
1363 2122 1459 2149 esse
1481 2114 1522 2148 et
1541 2122 1623 2148 non
1647 2114 1776 2149 esse.“

241 2172 297 2206 24.
324 2171 424 2207 Item
439 2181 561 2207 omne
576 2172 671 2208 illud
692 2181 766 2217 per
786 2172 896 2217 quod
915 2181 983 2208 res
1004 2172 1168 2217 ponitur
1188 2172 1228 2209 in
1250 2172 1390 2217 specie
1413 2173 1476 2208 est
1497 2172 1628 2208 omnis
1648 2171 1779 2208 forma

104 2231 396 2266 substantialis.
434 2231 510 2267 Per
530 2230 804 2267 differentiam
825 2230 1067 2267 rationalem
1088 2231 1210 2267 homo
1231 2230 1395 2275 ponitur
1414 2231 1455 2266 in
1477 2231 1628 2275 specie.
1672 2230 1778 2276 Ergo

0 2281 2 2347 l
51 2295 85 2321 35
105 2289 179 2324 etc.
219 2288 300 2325 Sed
321 2290 443 2326 homo
466 2291 530 2325 est
550 2290 732 2326 mortalis
755 2291 795 2326 et
816 2289 1098 2334 corruptibilis.
1134 2289 1224 2325 Non
1241 2290 1379 2325 autem
1401 2290 1778 2334 corpus-<tantum>,

0 2353 2 2375 ὲ
62 2370 64 2372 -
105 2347 209 2384 sicut
234 2358 312 2385 nec
338 2351 560 2394 generatur
586 2350 757 2386 materia
782 2350 950 2390 tantum,
990 2349 1062 2384 sed
1093 2349 1256 2384 totum⁷.
1306 2348 1411 2393 Ergo
1450 2349 1559 2384 totus
1598 2348 1720 2384 homo
1755 2358 1780 2384 a

104 2407 191 2452 pari
216 2407 258 2443 in
282 2409 414 2444 morte
441 2409 720 2453 corrumpitur.

63 511 79 536 5

0 2376 3 2402 i

0 2419 5 2506 l

1 2507 5 2570 ξ
246 2512 288 2545 10
314 2509 495 2554 luminosi]
523 2513 701 2545 f01.36ra
719 2508 764 2555 -†-
784 2514 823 2545 ut
843 2521 922 2545 cum
944 2512 1072 2544 dicitur
1097 2512 1329 2552 corruptibile
1357 2511 1451 2551 quod
1472 2512 1528 2543 est
1547 2511 1779 2552 corruptibile

3 2572 6 2601 i
106 2573 154 2598 ex
179 2574 220 2598 se
246 2574 335 2607 ergo
361 2567 428 2599 etc.
496 2565 561 2604 Ita]
587 2566 674 2598 Item
772 2566 814 2598 14
841 2564 911 2604 sui]
938 2566 993 2597 ira

3 2604 7 2694 ἕ
246 2672 260 2695 1
284 2674 463 2712 Bonav.,
493 2673 559 2714 Op.
587 2681 686 2705 omn.
712 2672 751 2712 Π,
778 2672 844 2704 468
858 2672 892 2704 b.

4 2696 8 2747 ἶ
245 2725 260 2748 ‘2
286 2726 356 2759 Cir.
381 2726 560 2765 Bonam,
591 2725 656 2767 Op.
684 2734 784 2758 omn.
810 2725 852 2763 V,
877 2725 943 2757 350
957 2725 990 2763 b,
1017 2725 1077 2757 ubi
1103 2725 1231 2757 dicitur
1256 2724 1461 2756 substantia
1486 2733 1601 2765 genus
1628 2733 1778 2765 genera-

107 2780 291 2812 lissimum.

5 2751 11 2854 ἱ
246 2831 261 2854 3
287 2832 620 2865 commentator
645 2832 729 2864 dicit
760 2831 975 2872 privationis
1007 2839 1155 2863 causam
1191 2839 1274 2862 esse
1307 2831 1512 2867 materiam:
1551 2831 1659 2870 Phys.
1692 2829 1777 2868 VIII,

6 2855 11 2966 ἱ
109 2893 198 2918 com.
226 2885 286 2924 72;
325 2886 432 2917 alium
459 2885 578 2918 locum
602 2893 670 2917 nec
704 2885 815 2917 Julii
839 2883 1097 2916 Palamedis
1123 2883 1362 2915 Adriensis
1399 2883 1541 2922 (Venet.
1571 2881 1673 2922 1562)
1711 2890 1778 2914 nec

9 2967 11 2974 ,
111 2938 306 2971 Zimarae
331 2936 474 2977 (Venet.
503 2937 606 2977 1548)
636 2938 780 2970 Tabula
806 2937 965 2970 exhibet.

8 2979 12 3049 l
246 2990 262 3012 4
286 2991 376 3023 Vide
400 2991 494 3023 infra
520 2992 660 3031 quaest.
686 2990 791 3024 XXV.
933 2989 947 3012 ⁵
973 2990 1081 3029 Phys.
1109 2990 1132 3028 I,
1160 2990 1178 3022 9
1206 2988 1308 3028 (text.
1336 2990 1371 3021 et
1396 2997 1485 3022 com.
1514 2988 1582 3028 81).

9 3051 13 3103 ιῥ
248 3042 264 3065 ⁶
288 3043 451 3085 Metaph.
478 3044 534 3081 VI,
561 3045 580 3076 7
606 3042 692 3083 (VII,
719 3045 806 3076 text.
835 3042 905 3082 22).
1046 3041 1060 3063 7
1091 3042 1251 3083 Metaph.
1278 3042 1334 3081 VI,
1361 3042 1380 3074 9
1407 3041 1491 3081 (VII,
1519 3037 1608 3074 com.
1636 3040 1703 3081 32).

9 3150 13 3172 i
