2095 3459
309 208 354 243 86
821 212 998 245 dohailnis
1024 214 1191 246 Pcchami
1216 215 1465 251 Quaestiones.

446 306 713 351 Impressam³
766 307 856 344 dico
904 319 1009 354 quae
1056 310 1215 347 animae
1264 320 1316 347 ex
1359 313 1541 356 tempore
1579 312 1752 351 accedit,
1791 311 1878 347 sive
1921 312 1971 347 ab

307 365 455 410 angelo
495 365 583 401 sive
621 375 646 401 a
683 365 782 402 Deo.
845 366 907 403 Ab
946 368 1110 413 angelo,
1155 369 1257 405 sicut
1295 370 1438 406 dicitur
1474 370 1514 405 in
1551 369 1610 405 III.
1647 370 1826 414 Metaph.
1865 369 1973 405 Avi-

307 426 547 459 cennae2:
587 423 727 467 „Quod
761 434 838 460 nos
876 425 1026 462 scimus
1062 426 1112 462 de
1148 428 1384 463 substantiis
1423 428 1634 472 separatis,
1673 429 1736 463 est
1770 427 1863 472 quia
1896 437 1972 463 nos
2004 452 2007 457 -

307 481 571 527 imprimimur
597 483 648 519 ab
676 483 746 524 eis,
787 485 895 528 quod
936 484 1041 520 enim
1080 495 1156 521 nos
1194 486 1468 530 imprimamur
1504 488 1555 523 ab
1595 487 1666 526 eis,
1705 487 1782 522 hoc
1809 487 1871 522 est
1896 495 1972 522 nos

307 540 413 577 scire
453 542 558 577 eas.“
608 541 656 577 Et
694 541 752 578 sic
791 542 915 578 etiam
954 543 1214 588 cognoscitur
1240 544 1350 580 Deus
1388 554 1461 589 per
1496 545 1806 581 similitudinem.
1856 544 2007 580 Unde5

307 603 360 635 De
392 600 499 635 Trin.
526 599 589 641 IX,
626 609 713 645 cap.
743 602 829 636 113:
869 600 991 644 „Cum
1025 602 1153 638 Deum
1189 603 1385 645 novimus,
1422 603 1467 639 fit
1499 603 1633 648 aliqua
1658 603 1872 639 similitudo
1900 603 1973 638 Dei

307 658 374 694 illa
400 658 576 694 notitia.“

447 717 546 753 Dico
587 717 891 754 similitudinem
929 728 1169 764 expressam
1209 721 1311 756 sicut
1349 721 1484 757 omnia
1524 731 1628 765 quae
1665 722 1758 757 sunt
1790 722 1974 757 aeterna-

307 775 398 811 liter
423 775 463 811 in
490 775 627 811 anima
652 776 718 811 vel
745 777 1032 819 essentialiter,
1072 779 1304 823 exprimunt
1342 780 1403 815 sui
1441 779 1742 815 similitudinem
1767 780 1807 815 in
1834 779 1974 815 intelli-

306 834 454 879 gentia,
482 843 573 870 cum
599 835 693 870 actu
719 835 996 881 intelliguntur
1023 838 1063 873 et
1087 837 1177 882 ipsa
1203 838 1338 874 anima
1363 839 1428 874 vel
1449 848 1564 874 mens
1587 839 1624 874 in
1647 848 1692 874 se
1713 838 1812 883 ipsa.
1856 838 1973 874 Unde
1996 846 2026 870 10

306 893 631 938 Augustinus,
666 894 727 931 IX.
764 895 823 930 De
855 895 962 931 Prin.
1000 905 1085 940 cap.
1114 898 1200 932 114:
1241 895 1377 940 „Mens
1416 907 1505 933 cum
1544 907 1588 933 se
1627 898 1714 942 ipsa
1751 897 1873 936 novit,
1912 897 1975 932 est

307 951 452 987 eadem
478 952 623 988 notitia
648 954 818 989 verbum
847 955 968 991 eius.“
1019 954 1066 991 Et
1091 956 1250 992 infra-5:
1291 955 1429 999 „Quod
1465 957 1515 992 de
1552 956 1618 992 illa
1650 956 1885 1001 exprimitur
1910 955 1974 998 <in

307 1012 624 1055 cognoscendo>
646 1012 780 1048 eidem
801 1015 1085 1058 coaequatur.“
1136 1014 1183 1050 Et
1202 1014 1478 1056 Anselmus,
1505 1015 1660 1050 Monol.
1687 1014 1793 1050 XXX
1804 1018 1837 1050 ‘⁵2
1866 1014 1975 1057 „Nul-

305 1069 467 1104 latenus
506 1070 650 1116 negari
675 1071 823 1115 potest,
864 1081 954 1107 cum
992 1082 1108 1108 mens
1144 1073 1355 1109 rationalis
1391 1074 1570 1118 seipsam
1603 1074 1892 1119 cognoscendo
1920 1073 1975 1109 in-

306 1127 460 1173 telligit,
490 1128 709 1174 imaginem
729 1129 857 1174 ipsius
879 1130 995 1166 nasci
1023 1131 1063 1166 in
1088 1141 1162 1167 sua
1186 1131 1465 1177 cogitatione.“
1502 1132 1548 1168 Et
1562 1132 1695 1168 infra:
1717 1132 1975 1176 „Quamcum-
1997 1139 2027 1164 15

307 1196 385 1231 que
421 1195 508 1222 rem
543 1197 660 1224 mens
700 1188 809 1233 cupit
835 1189 1028 1234 cogitare,
1074 1190 1161 1226 eius
1201 1190 1500 1227 similitudinem
1539 1191 1576 1226 in
1615 1200 1690 1227 sua
1728 1190 1973 1236 cogitatione

307 1246 477 1281 conatur
504 1246 770 1291 exprimere.“

447 1304 547 1340 Dico
592 1306 729 1341 autem
765 1305 1067 1343 similitudinem
1101 1307 1295 1349 relictam,
1337 1308 1439 1344 sicut
1477 1317 1527 1344 ea
1561 1318 1665 1353 quae
1703 1308 1976 1345 essentialiter

305 1363 469 1398 fuerunt
494 1363 535 1399 in
561 1364 707 1405 anima,
736 1374 825 1400 cum
854 1374 950 1401 esse
978 1366 1182 1407 deficiunt,
1209 1366 1371 1411 aliquod
1391 1367 1608 1413 vestigium
1631 1367 1671 1403 in
1698 1369 1832 1403 anima
1857 1367 1975 1403 relin-

307 1422 444 1466 quunt.
482 1422 593 1458 Sicut
613 1423 664 1459 de
685 1423 808 1459 animi
829 1423 1115 1460 affectionibus
1135 1425 1272 1470 patuit.
1309 1425 1418 1462 Sicut
1444 1427 1484 1461 et
1510 1426 1561 1461 de
1587 1425 1668 1461 fide
1701 1425 1795 1462 dicit
1820 1425 1975 1471 Augu·
1994 1434 2027 1459 20

308 1480 485 1522 stinus,
512 1481 571 1517 De
603 1482 710 1517 Trin.
738 1482 837 1523 XIV,
874 1492 960 1527 cap.
987 1484 1052 1519 3⁷:
1093 1483 1156 1526 „In
1190 1483 1322 1519 futuro
1362 1494 1441 1520 non
1480 1483 1614 1525 fidem,
1653 1484 1725 1519 sed
1754 1484 1839 1519 eius
1867 1484 1976 1520 velut

309 1539 589 1585 imaginarium
628 1540 847 1586 vestigium
885 1541 925 1576 in
964 1542 1161 1578 memoria
1198 1543 1449 1578 reconditum
1489 1542 1773 1578 recordatione
1812 1543 1976 1579 contue-

309 1598 472 1634 bimur.“
534 1598 582 1634 Et
621 1599 751 1635 simile
792 1599 889 1636 dicit
926 1601 1068 1636 eodem
1107 1601 1214 1637 libro
1254 1611 1339 1646 cap.
1372 1603 1448 1653 9⁸..
1488 1600 1536 1637 Et
1574 1601 1632 1637 sic
1670 1602 1733 1637 est
1771 1601 1821 1637 de
1853 1600 1976 1638 animi

307 1657 596 1694 affectionibus
625 1659 850 1694 secundum
877 1659 1217 1705 Augustinum,
1244 1659 1288 1695 X.
1316 1660 1452 1696 Co‘nfst)

448 1716 548 1752 Dico
588 1717 800 1753 collectam
840 1717 1154 1759 similitudinem,
1202 1718 1305 1754 sicut
1342 1728 1394 1754 ex
1429 1719 1578 1764 regulis
1620 1718 1806 1759 iustitiae,
1854 1718 1975 1754 etiam
1994 1733 2027 1758 25

308 1784 392 1810 non
418 1776 577 1811 habens
602 1776 807 1817 iustitiam,
846 1778 984 1821 potest
1019 1776 1195 1821 aliquam
1231 1777 1307 1813 sibi
1332 1777 1509 1813 iustitiae
1537 1777 1727 1822 colligere
1755 1776 1974 1813 notionem.

308 1833 427 1870 Unde
454 1833 780 1879 Augustinus,
817 1835 875 1870 De
913 1835 1020 1871 Trin.
1059 1835 1120 1877 IX,
1159 1845 1244 1880 cap.
1272 1837 1355 1871 810:
1396 1836 1460 1879 „In
1497 1836 1669 1871 veritate
1708 1836 1887 1876 aeterna,
1923 1844 1976 1871 ex

309 1902 390 1937 qua
403 1892 558 1935 <facta>
574 1894 667 1928 sunt
688 1894 835 1935 omnia,
850 1893 1032 1935 formam,
1055 1895 1280 1930 secundum
1301 1904 1421 1939 quam
1442 1904 1591 1935 sumus,
1607 1894 1697 1930 visu
1716 1894 1862 1929 mentis
1884 1903 1976 1929 con-

310 1951 516 1996 spicimus,
543 1952 666 1996 atque
688 1951 783 1988 inde
807 1954 1048 1997 conceptam
1076 1962 1267 1989 veracem
1293 1962 1427 1989 rerum
1454 1953 1637 1989 notitiam
1662 1954 1866 1997 tamquam
1889 1961 1976 1988 ver-

308 2011 403 2046 bum
430 2011 537 2055 apud
565 2021 641 2046 nos
669 2011 901 2047 habemus.“
954 2012 1051 2047 Item
1080 2012 1400 2057 Augustinus,
1433 2011 1528 2047 XIII.
1554 2012 1613 2047 De
1644 2011 1763 2054 Trin„
1789 2020 1875 2055 cap.
1896 2011 1975 2046 2¹1:
1996 2026 2029 2050 30

310 2069 421 2112 „Non
447 2069 634 2106 videmus
660 2069 785 2106 iidem
812 2070 915 2106 sicut
942 2080 992 2106 ea
1019 2081 1123 2116 quae
1151 2081 1233 2107 non
1259 2071 1443 2106 videmus
1471 2070 1744 2116 cognitionem
1764 2070 1975 2114 utramque

308 2128 531 2164 formamus
560 2130 600 2164 et
627 2129 850 2165 memoriae
878 2130 1224 2172 commendamus,
1263 2139 1352 2166 cum
1379 2129 1626 2165 voluerimus
1662 2129 1705 2164 ut
1729 2127 1808 2164 illic
1835 2137 1885 2164 ea
1910 2128 1976 2164 vel

309 2187 445 2232 potius
473 2188 794 2233 qualescumque
822 2188 1022 2234 imagines
1053 2198 1191 2224 earum
1219 2189 1467 2224 cernamus.“

448 2246 571 2291 Igitur
596 2256 665 2282 res
691 2246 966 2292 intelligibiles
993 2257 1066 2292 per
1093 2257 1137 2283 se
1164 2250 1286 2289 <seu>
1322 2246 1551 2292 spirituales
1585 2255 1668 2282 non
1702 2245 1977 2291 intelliguntur

310 2314 384 2350 per
410 2305 573 2349 species
610 2306 849 2347 abstractas,
887 2307 958 2342 sed
996 2306 1030 2342 si
1066 2308 1158 2342 sunt
1194 2306 1469 2342 essentialiter
1502 2306 1541 2341 et
1575 2303 1903 2350 praesentialiter
1936 2304 1977 2340 in
1996 2316 2029 2342 35

451 2438 469 2469 4
497 2438 592 2470 enim
618 2437 697 2477 nos]
725 2439 820 2470 enim
845 2447 917 2470 non
1014 2439 1055 2470 10
1083 2440 1117 2471 et
1142 2439 1224 2479 ipsa
1249 2438 1368 2470 anima
1392 2438 1451 2470 vel
1476 2446 1576 2469 mens
1608 2437 1643 2469 in
1669 2445 1709 2469 se
1744 2435 1836 2477 ipsa]
1871 2436 1977 2469 etiam

312 2491 383 2531 ipsi
402 2491 437 2522 in
458 2499 498 2523 se
518 2491 601 2531 ipsa
675 2491 715 2523 12
745 2490 853 2531 quod]
881 2492 965 2531 quia
1039 2492 1078 2524 13
1106 2490 1210 2529 XXX}
1237 2490 1373 2523 XXXIII
1447 2491 1487 2522 15
1515 2489 1619 2528 inira]
1644 2490 1695 2521 ita
1776 2489 1816 2521 21
1845 2498 1922 2530 cap.
1945 2488 1977 2528 3]

326 2543 352 2581 l-
382 2544 496 2575 secuti
508 2542 555 2583 (2³)
653 2544 695 2576 23
722 2553 802 2584 cap.
831 2543 863 2583 9]
890 2544 984 2576 inira
1009 2544 1040 2577 d.
1139 2544 1179 2575 34
1208 2542 1463 2584 intelligibiles]
1490 2542 1720 2583 intelligimus

453 2672 465 2694 1
493 2674 562 2706 Cir.
590 2674 759 2712 Bonav.,
789 2674 855 2714 Op.
885 2682 982 2706 omn.
1004 2674 1044 2713 V,
1067 2674 1130 2706 303
1152 2674 1174 2705 b
1194 2673 1255 2712 (2).
1285 2673 1479 2713 ,‚Apparet,
1507 2672 1601 2712 quod
1627 2672 1708 2711 ipsa
1733 2670 1882 2710 (anima)
1907 2678 1978 2703 non

313 2727 429 2758 solum
454 2727 563 2759 habet
590 2727 635 2759 ab
674 2726 846 2758 exteriori
885 2726 1031 2758 formari
1069 2735 1134 2767 per
1171 2726 1435 2766 phantasmata,
1473 2733 1560 2756 vero
1599 2724 1706 2756 etiam
1744 2733 1766 2756 a
1802 2724 1978 2764 superiori

314 2779 545 2819 suscipiendo
573 2780 608 2811 et
633 2779 669 2811 in
694 2787 734 2811 se
760 2779 927 2811 habendo
954 2779 1136 2819 simplices
1163 2779 1306 2816 formas,
1342 2786 1434 2818 quae
1469 2786 1539 2809 non
1564 2777 1717 2819 possunt
1743 2776 1887 2808 introire
1914 2785 1979 2817 pcr

314 2833 438 2872 portas
466 2840 637 2864 sensuum
664 2833 699 2864 et
725 2832 948 2864 sensibilium
975 2830 1219 2871 phantasias.“

452 2883 466 2905 2
492 2884 544 2923 III,
573 2884 602 2917 8.
745 2883 759 2905 3
785 2884 840 2916 PL
866 2884 920 2922 42,
948 2884 1013 2916 969
1040 2893 1072 2916 n.
1102 2884 1153 2916 16.
1301 2882 1307 2904 ¹
1336 2883 1385 2914 [b.
1413 2883 1489 2914 970.
1630 2881 1644 2902 ἵ»
1671 2881 1818 2914 Ibidem.

452 2936 466 2958 6
492 2936 547 2969 PL
575 2937 650 2975 158,
680 2937 755 2969 187.
898 2935 912 2958 ⁷
938 2937 993 2969 PL
1020 2937 1072 2975 42,
1101 2937 1188 2969 1039
1215 2945 1248 2968 n.
1277 2937 1305 2968 5.
1448 2934 1461 2956 S
1488 2935 1538 2967 Π).
1569 2934 1654 2967 1046
1682 2943 1714 2966 n.
1744 2935 1795 2967 12.

452 2989 467 3011 9
492 2990 531 3028 X,
561 2990 601 3022 14
629 2988 699 3029 (PL
725 2990 778 3028 32,
807 2990 871 3021 783
898 2998 931 3021 n.
959 2990 998 3021 21
1029 2991 1064 3021 et
1090 2990 1142 3022 22.
1286 2987 1315 3010 1⁰
1339 2988 1392 3026 lx,
1421 2989 1439 3019 7
1466 2984 1536 3028 (PL
1562 2988 1615 3026 42,
1642 2987 1707 3020 967
1734 2996 1766 3019 n.
1796 2986 1862 3026 12).

436 3042 462 3064 11
490 3043 574 3082 XIII,
604 3044 619 3075 1
648 3041 719 3082 (PL
745 3043 798 3081 42,
828 3042 915 3075 1014
942 3051 973 3074 n.
1001 3042 1047 3081 3).
