2095 3459
781 206 953 241 Quaestio
980 206 1096 238 xxvi.
1708 204 1773 238 185

100 300 228 340 sibile.
262 310 353 336 cum
380 302 431 337 sit
457 302 496 337 in
524 302 704 346 qualibet
730 304 844 347 partc
872 303 975 338 illius
996 303 1263 343 indivisibilis,
1291 303 1437 338 cadem
1458 303 1617 339 ratione
1640 303 1716 339 erit
1735 303 1775 338 in

100 359 281 404 qualibet
308 363 422 404 parte
451 361 634 406 corporis
662 362 756 397 tota.
808 362 888 397 Sed
916 362 948 396 si
984 362 1210 397 secundum
1246 362 1512 398 indivisibile:
1551 363 1775 398 secundum

99 417 474 464 Philosophum¹
520 420 766 456 indivisibile
805 430 885 456 non
926 421 1008 466 agit
1044 429 1202 465 necque
1241 421 1400 465 patitur.
1420 423 1433 462 ΙΙ
1451 420 1556 466 Ergo
1595 430 1672 457 nec
1710 422 1774 457 est
1796 426 1858 457 rol.
1883 425 1987 457 33va

99 477 275 513 actIOnis
308 478 630 515 instrumentum.
680 479 831 515 Eadem
870 480 1029 515 ratione
1068 489 1145 515 nec
1184 481 1247 515 est
1284 489 1380 524 pars
1419 480 1605 516 hominis.
1667 479 1772 526 Ergo

58 546 80 571 -5
100 538 484 582 quantumcumque,
513 538 590 574 etsi
615 538 812 583 possibile
840 540 963 579 esset,
989 538 1234 574 indivisibile
1261 539 1531 583 perficeretur
1556 540 1607 575 ab
1627 539 1774 581 anima,

99 605 180 631 non
207 598 376 642 propter
402 598 479 633 hoc
507 598 712 633 diceretur
736 597 871 633 forma
897 597 1082 638 hominis.
1110 607 1187 633 nec
1213 598 1437 633 secundum
1465 607 1510 634 se
1537 608 1614 634 nec
1633 607 1776 634 secun-

99 655 193 691 dum
219 655 397 700 aliquam
425 656 487 691 sui
513 658 682 701 partem.

238 722 270 757 3.
298 720 450 757 Contra
477 722 553 757 hoc
581 722 705 758 etiam
732 724 797 758 est
818 722 1156 767 experimentum,
1185 722 1279 766 quia
1306 722 1444 758 anima
1468 722 1526 758 ita
1551 722 1629 758 cito
1651 723 1776 758 sentit

99 779 140 815 in
166 780 302 825 digito,
329 783 372 816 ut
397 781 437 816 in
465 781 612 817 cubitu.
664 781 744 817 Sed
772 781 807 817 si
833 781 970 817 anima
997 781 1087 817 sola
1105 781 1319 817 influentia
1338 781 1560 827 attingeret
1580 782 1778 818 extrema,

49 841 81 866 ¹0
100 838 272 874 debilior
298 841 411 876 esset
437 840 652 876 influentia
678 841 719 876 in
746 840 871 886 digito
899 850 1020 885 quam
1046 840 1088 876 in
1114 840 1262 882 cubitu,
1290 840 1386 885 quia
1412 841 1544 876 omnis
1563 840 1777 877 influentia

99 898 394 934 determinatur
421 908 474 935 ex
501 899 707 935 distantia.
757 899 863 945 Ergo
892 901 967 935 etc.

239 965 270 999 4.
309 964 408 1000 Item
443 964 484 1000 in
519 964 700 1009 qualibet
737 965 852 1009 parte
889 964 1073 1009 corporis
1106 965 1169 1000 est
1194 964 1256 1000 vis
1283 964 1429 1000 activa.
1481 964 1562 1001 Sed
1588 965 1668 1000 ista
1696 975 1778 1001 non

100 1022 163 1057 est
189 1022 278 1058 sine
305 1023 544 1059 substantia.
586 1023 691 1069 Ergo
717 1024 759 1059 in
786 1023 968 1068 qualibet
993 1025 1108 1068 parte
1136 1025 1201 1059 est
1227 1024 1456 1059 substantia
1483 1024 1656 1060 animae.
1696 1024 1778 1060 Sed

101 1090 183 1116 non
209 1082 520 1126 particulariter.
570 1082 676 1129 Ergo
703 1083 766 1119 est
791 1082 941 1128 ubique
968 1084 1064 1119 tota.

239 1148 270 1182 5.
309 1147 409 1183 Item
447 1147 552 1183 ratio
586 1157 714 1192 quare
752 1147 863 1183 Deus
899 1148 1036 1192 potest
1075 1156 1171 1183 esse
1210 1147 1360 1192 ubique
1399 1149 1508 1183 totus
1546 1147 1586 1183 in
1612 1148 1780 1190 mundo„

101 1205 221 1242 etiam
250 1206 285 1241 si
312 1208 425 1242 esset
450 1206 491 1242 in
517 1206 718 1242 infinitum
743 1206 885 1247 maior,
926 1207 988 1242 est
1013 1206 1154 1242 divina
1181 1206 1430 1251 simplicitas.
1481 1205 1562 1242 Sed
1589 1206 1783 1251 simplici-—

100 1266 227 1301 tatem
254 1265 330 1301 Dei
365 1265 574 1301 imitantur
609 1267 825 1302 creaturae
853 1265 1087 1310 spirituales
1113 1275 1188 1310 per
1214 1265 1439 1302 carentiam
1466 1265 1598 1302 omnis
1626 1266 1785 1302 dimen-

100 1324 229 1360 sionis
257 1325 297 1360 et
322 1324 399 1360 Dei
424 1324 739 1361 immensitatem
759 1334 835 1370 per
856 1334 971 1376 suam
992 1324 1207 1366 virtualem
1228 1325 1509 1369 quantitatem.
1547 1324 1653 1371 Ergo
1675 1325 1779 1361 sicut

100 1383 212 1419 Deus
237 1383 278 1420 in
304 1385 390 1420 toto
417 1384 568 1420 mundo
594 1385 731 1429 potest
758 1393 853 1420 esse
880 1385 988 1420 totus
1015 1385 1056 1420 et
1081 1384 1121 1419 in
1147 1383 1348 1420 infinitum
1374 1384 1530 1426 maiori,
1557 1384 1616 1420 sic
1643 1384 1780 1427 an1'ma

48 1442 81 1468 20
100 1443 141 1479 in
168 1443 348 1489 qualibet
373 1444 490 1489 parte
516 1443 656 1479 mundi
681 1443 760 1479 sibi
785 1443 1107 1488 proportionata.

51 1142 79 1166 15

848 1538 1028 1575 Contra.
1796 1542 1844 1578 B,

243 1622 273 1657 1.
301 1621 343 1658 Si
369 1622 447 1658 hoc
475 1622 588 1658 esset
614 1631 768 1664 verum,
795 1622 903 1657 idem
929 1622 1074 1666 posset
1099 1621 1257 1657 moveri
1283 1622 1324 1657 et
1350 1621 1566 1666 quiescere
1593 1621 1711 1657 simul
1739 1629 1780 1663 et

102 1681 260 1717 moveri
285 1681 461 1717 motibus
489 1681 699 1726 oppositis,
737 1691 778 1720 v.
801 1691 837 1727 g.
865 1680 1080 1725 quiescere
1106 1680 1148 1716 in
1173 1689 1348 1725 corpore
1374 1681 1460 1716 toto
1488 1681 1530 1716 et
1554 1680 1714 1716 moveri
1737 1680 1779 1715 in

101 1750 236 1781 manu,
256 1732 304 1776 ‘in
329 1750 413 1776 una
430 1742 547 1785 parte
573 1749 719 1776 manus
744 1740 904 1776 moveri
928 1749 1099 1781 sursum,
1125 1739 1166 1775 in
1193 1739 1274 1775 alia
1299 1740 1503 1776 deorsum.

49 1815 83 1841 25
243 1806 274 1840 2.
307 1805 408 1841 Item
442 1805 479 1841 si
513 1806 578 1841 est
602 1805 644 1841 in
670 1805 852 1850 qualibet
876 1806 994 1850 parte
1021 1804 1207 1850 corporis
1233 1805 1330 1846 tota,
1357 1805 1428 1840 aut
1452 1804 1531 1840 hoc
1558 1805 1622 1840 cst
1647 1805 1780 1840 totali-

102 1865 187 1900 tate
214 1864 420 1900 essentiae
447 1866 517 1900 aut
543 1864 743 1900 totalitate
769 1864 1055 1909 potentiarum.
1107 1862 1148 1899 Si
1174 1863 1393 1905 essentiae,
1418 1884 1465 1889 —
1485 1864 1645 1899 contra:
1672 1863 1780 1899 Phi-

102 1923 372 1968 losophus2
398 1923 511 1959 dIcit:
539 1923 673 1967 „Sicut
697 1933 742 1959 se
768 1914 894 1959 habet
918 1924 1005 1959 tota
1031 1923 1169 1958 anima
1194 1922 1246 1958 ad
1272 1923 1400 1958 totum
1422 1932 1583 1968 corpus,
1610 1922 1669 1958 sic
1689 1932 1779 1967 par-

103 1983 167 2018 tes
193 1982 356 2018 animae
382 1983 435 2018 ad
460 1983 601 2028 partes
622 1982 842 2028 corporis“.
879 1982 921 2019 Si
940 1981 1141 2018 totalitate
1160 1981 1446 2026 potentiarum,
1473 1990 1572 2027 ergo
1593 1981 1778 2026 potentia

103 2041 271 2077 videndi
307 2042 419 2077 esset
453 2041 494 2077 in
519 2041 637 2087 pede.
686 2041 734 2077 Et
758 2041 838 2077 hoc
865 2041 979 2077 esset
1003 2050 1167 2077 vanum.
1218 2040 1459 2085 Supervana
1485 2040 1595 2076 enim
1620 2041 1683 2076 est
1708 2050 1778 2085 po-

50 2110 85 2135 30
104 2100 242 2142 tentia,
269 2110 374 2145 quae
401 2110 485 2137 non
509 2101 636 2137 habet
659 2100 802 2137 reduci
827 2101 879 2136 ad
906 2101 1042 2136 actum
1053 2102 1080 2135 3.

242 2166 274 2201 3.
300 2165 401 2201 Item
426 2165 461 2201 si
485 2166 623 2202 anima
648 2167 760 2202 esset
785 2166 873 2201 tota
897 2165 939 2201 in
965 2165 1145 2210 qualibet
1169 2165 1297 2210 parte,
1324 2174 1423 2210 ergo
1450 2164 1535 2200 vita
1555 2163 1673 2200 unius
1695 2173 1778 2199 non

105 2223 360 2269 dependeret
385 2225 437 2260 ab
463 2224 554 2260 alia.
603 2224 665 2260 Ex
690 2234 770 2269 quo
796 2224 947 2269 ubique
974 2224 1088 2259 esset
1111 2223 1204 2259 fons
1231 2222 1341 2259 vitae
1352 2226 1377 2258 4.

247 2341 263 2372 1
291 2339 531 2379 indivisibilis]
556 2341 593 2372 in
618 2338 765 2373 videtur
791 2339 960 2377 deletum,
986 2340 1048 2371 via:
1073 2340 1167 2371 recte
1261 2340 1280 2371 9
1307 2338 1586 2377 cubituJ-cubito

246 2457 259 2480 1
284 2458 394 2498 Phys.
420 2458 507 2497 VIII,
534 2458 553 2490 6
580 2456 643 2502 (7).
784 2456 799 2479 2
824 2457 876 2489 De
901 2457 1042 2490 Anima
1068 2458 1105 2496 II,
1136 2458 1164 2489 1.

246 2510 261 2532 3
286 2511 356 2544 Cfr.
383 2511 555 2549 Bonav.‚
586 2510 650 2550 Op.
678 2519 777 2543 omn.
803 2511 827 2549 Ι,
854 2511 932 2549 771,
957 2511 1029 2543 not.
1060 2511 1088 2542 1.

246 2563 261 2586 4
287 2564 575 2605 Responsionem
602 2564 637 2595 et
662 2563 877 2595 solutionem
904 2563 1124 2596 obiectorum
1151 2563 1302 2596 habebis
1328 2562 1421 2594 infra
1447 2571 1481 2603 p.
1511 2562 1574 2594 188
1595 2570 1643 2594 ss.
