2095 3459
311 191 375 225 184
818 191 993 223 dohannis
1019 191 1186 223 Pechami
1212 191 1461 228 Quaestiones.

310 289 461 324 sistens
482 288 522 324 in
542 288 715 324 materia
735 287 908 329 animae,
936 296 1041 332 quae
1062 287 1167 323 infra
1193 297 1283 323 eam
1310 289 1382 328 est,
1410 288 1557 323 crescit
1583 289 1623 323 et
1648 288 1969 333 multiplicatur“.

308 347 424 383 Unde
451 356 651 391 expresse
678 346 773 382 dicit
799 346 1011 382 materiam
1037 346 1078 381 in
1104 346 1371 391 intelligentia
1397 347 1437 382 et
1462 346 1502 381 in
1528 346 1675 382 anima.

448 407 478 441 2.
505 405 603 441 Item
631 405 932 450 Augustinus
966 404 1006 440 in
1032 404 1133 440 libro
1167 404 1224 440 De
1249 404 1518 440 Mirabilibus
1551 404 1704 441 Sacrae
1729 405 1972 449 scripturae

310 474 395 509 cap.
424 465 501 500 101.
554 463 842 508 „Omnipotens
870 463 979 499 Deus
1014 473 1066 498 ex
1104 463 1263 498 informi
1303 463 1485 504 materia,
1513 473 1634 508 quam
1660 464 1748 508 ipse
1775 463 1886 508 prius
1921 472 1974 498 ex

312 523 434 559 nihilo
462 522 652 563 condidit,
680 523 956 558 creaturarum
978 522 1191 563 <omnium
1218 522 1435 557 visibilium
1461 523 1523 564 et>
1544 522 1805 558 invisibilium
1824 531 1972 563 rerum,
1993 531 2009 556 5

310 583 387 618 hoc
414 583 477 618 est
503 581 756 617 sensibilium
783 582 823 617 et
847 581 1156 621 insensibilium,
1182 581 1515 617 intellectualium
1542 582 1582 617 et
1601 581 1807 617 intellectu
1834 590 1974 617 caren-

310 641 407 676 tium
434 641 594 685 species
621 639 886 675 multiformes
913 639 1082 676 divisit.“

449 701 480 736 3.
507 700 605 735 Item
632 699 906 749 Avicenna,
933 699 998 735 IV.
1025 699 1218 743 Metapa,
1245 708 1332 743 cap.
1362 699 1418 734 De
1441 700 1661 743 potentia2
1689 698 1840 742 „Omne
1867 698 1975 743 quod

311 759 451 806 incipit
476 760 571 803 post
596 768 678 794 non
705 768 812 800 esse,
839 759 962 794 habet
988 758 1237 794 materiam.“

450 819 481 853 4.
518 818 615 853 Item
651 818 716 853 IX.
752 818 933 863 Metaph.
961 827 1048 862 cap.
1075 818 1124 852 63
1159 817 1264 855 dicit.
1300 817 1408 862 quod
1434 817 1583 853 malum
1609 827 1691 853 non
1717 818 1854 862 potest
1880 826 1974 852 esse
1998 824 2029 849 10

313 877 390 912 nisi
415 877 456 912 in
483 886 544 918 eo,
571 877 611 912 in
639 887 717 922 quo
746 879 809 913 est
834 877 1016 913 materia.

451 937 482 971 5.
518 935 617 971 Item
651 936 832 982 arguitur
863 936 935 972 sic:
974 936 1120 971 Anima
1154 945 1178 970 a
1213 944 1384 980 corpore
1420 937 1612 980 separata
1647 936 1784 980 potest
1808 934 1976 970 moveri.

314 993 394 1030 Sed
422 1004 542 1030 omne
567 1004 642 1039 per
668 1004 713 1031 se
739 996 893 1030 motum
914 994 1104 1030 dividitur
1121 994 1161 1029 in
1189 994 1279 1035 duo,
1307 1003 1477 1038 quorum
1503 1003 1626 1030 unum
1648 995 1709 1029 est
1728 994 1880 1029 motum
1902 993 1978 1038 pri-

314 1063 420 1089 mum
454 1054 493 1089 et
526 1053 723 1098 reliquum
751 1063 922 1089 movens
937 1057 960 1089 4.
1012 1052 1091 1089 Sed
1119 1054 1196 1089 hoc
1222 1062 1303 1088 non
1331 1054 1394 1088 est
1421 1053 1496 1089 nisi
1522 1053 1790 1098 compositum
1818 1062 1871 1089 ex
1897 1062 1977 1088 ma-

313 1112 416 1148 teria
442 1113 482 1148 et
507 1111 647 1148 forma.
697 1112 802 1157 Ergo
830 1113 905 1148 etc.
1876 1146 1879 1151 .
2000 1118 2031 1143 15

451 1172 482 1206 6.
509 1171 607 1207 Item
634 1170 882 1216 possibiIItas
902 1172 963 1207 est
983 1180 1007 1207 a
1028 1171 1207 1206 materia.
1240 1171 1386 1206 Anima
1406 1172 1469 1206 est
1489 1170 1695 1215 possibilis
1723 1171 1763 1206 et
1788 1170 1978 1207 variatur.

312 1230 416 1276 Ergo
443 1230 567 1266 habet
592 1230 814 1266 materiam.

452 1291 483 1325 7.
510 1289 610 1325 Item
636 1289 900 1325 individuatio
929 1290 991 1324 est
1017 1298 1041 1324 a
1066 1289 1247 1324 materia.
1287 1288 1367 1324 Sed
1387 1288 1524 1324 anima
1544 1298 1569 1324 a
1589 1298 1761 1334 corpore
1789 1289 1981 1333 separata

315 1350 377 1384 est
402 1357 500 1384 vere
526 1347 789 1384 individuata.
839 1347 943 1393 Ergo
972 1349 1046 1383 etc.

452 1407 493 1443 Si
532 1407 643 1443 dicas
680 1407 788 1451 quod
814 1406 1088 1442 individuatur
1113 1416 1186 1451 per
1212 1407 1424 1442 materiam
1451 1407 1646 1452 corporis,
1675 1407 1738 1443 cui
1764 1406 1909 1448 unitur,
1936 1428 1979 1432 —-
2000 1417 2034 1441 20

315 1467 471 1503 contra:
497 1465 601 1512 Ergo
622 1467 815 1510 separata
834 1475 859 1501 a
878 1475 1004 1501 causa
1024 1465 1358 1502 individuationis
1379 1475 1462 1502 non
1482 1467 1717 1502 remaneret
1735 1466 1946 1502 individua
1956 1469 1980 1500 5.

876 1668 1187 1729 Quaestio
1226 1668 1415 1721 XXVI.

318 1802 401 1841 Sed
435 1802 540 1851 quia
572 1802 765 1843 <anima>
799 1813 855 1841 ex
888 1802 1170 1852 simplicitate
1211 1803 1358 1850 habet,
1400 1804 1447 1841 ut
1488 1813 1577 1842 una
1614 1802 1811 1841 existens
1844 1802 1982 1851 possit

318 1884 365 1912 se
398 1873 477 1912 toti
509 1872 684 1922 corpori
716 1873 1059 1921 communicare,
1101 1874 1330 1923 quaeritur
1368 1883 1425 1912 an
1463 1873 1517 1912 sit
1548 1873 1593 1912 in
1627 1872 1823 1922 qualibet
1857 1874 1982 1921 parte

964 1944 1164 1993 corporis
1196 1945 1290 1983 tota
1303 1937 1329 1983 6.
2003 1956 2036 1982 25

861 2038 914 2074 Et
939 2037 1192 2073 ostenditur
1217 2038 1340 2082 quod
1367 2037 1445 2080 sic,

457 2117 486 2150 1.
509 2115 612 2155 Quia
631 2114 886 2155 indivisibile,
905 2114 1060 2158 <quod>
1082 2114 1216 2149 unitur
1235 2114 1366 2154 alloni,
1388 2114 1612 2150 secundum
1634 2124 1679 2149 se
1694 2114 1821 2149 totum
1837 2113 1982 2149 unitur.

318 2173 464 2209 Anima
499 2174 562 2209 est
593 2173 846 2209 indivisibilis
874 2173 1099 2209 secundum
1135 2173 1414 2208 substantiam.
1463 2172 1569 2219 Ergo
1596 2172 1632 2208 si
1657 2172 1794 2208 unitur
1818 2172 1984 2208 cuilibet

318 2232 643 2277 particorporis,
672 2232 749 2268 erit
774 2232 829 2268 ibi
855 2233 952 2268 tota.

458 2292 489 2327 2.
516 2291 596 2327 Sed
624 2292 657 2327 si
683 2292 839 2328 dicatur
865 2292 973 2336 quod
1000 2292 1063 2327 est
1089 2291 1129 2326 in
1157 2291 1279 2327 corde
1306 2300 1380 2336 per
1403 2291 1627 2327 essentiam
1653 2291 1694 2326 et
1720 2290 1760 2326 in
1786 2291 1871 2326 toto
1898 2299 1984 2326 cor·
2000 2303 2037 2329 30

319 2359 419 2396 pore
457 2359 530 2395 per
566 2350 829 2392 influentiam,
867 2350 1075 2395 quaeritur
1112 2351 1242 2385 utrum
1281 2350 1442 2385 uniatur
1474 2349 1585 2385 cordi
1617 2349 1841 2385 secundum
1875 2349 1984 2394 quod

320 2408 521 2445 divisibile
548 2409 614 2445 vel
640 2409 863 2445 secundum
891 2409 999 2453 quod
1025 2408 1283 2444 indivisibile.
1344 2407 1385 2443 Si
1412 2409 1635 2444 secundum
1663 2408 1771 2452 quod
1797 2408 1860 2443 est
1887 2407 1984 2443 divi-

460 2515 477 2546 4
508 2513 561 2552 10]
590 2514 603 2545 1
704 2514 722 2546 7
750 2512 883 2552 divisit]
911 2513 1036 2545 dividit
1131 2512 1173 2545 20
1200 2512 1248 2551 Si]
1274 2513 1339 2544 scd

459 2612 470 2635 1
497 2613 745 2655 Augustino
773 2614 864 2645 falso
891 2613 1095 2645 attribuitur
1121 2611 1191 2652 (PL
1217 2614 1270 2651 35,
1298 2611 1418 2652 2151),
1555 2613 1569 2634 ’Δ
1594 2613 1755 2653 Metaph.
1782 2612 1837 2650 IV,
1866 2612 1895 2644 2.

459 2666 473 2687 3
500 2667 598 2705 „Non
625 2667 788 2707 sequitur
815 2667 945 2698 malum
971 2666 1040 2698 nisi
1066 2666 1144 2703 hoc,
1172 2666 1206 2698 in
1232 2666 1333 2698 cuius
1360 2667 1489 2698 natura
1515 2667 1570 2698 est
1596 2665 1731 2706 aliquid
1756 2665 1791 2697 in
1811 2665 1983 2705 potentia.

324 2718 363 2751 Et
388 2720 456 2752 hoc
484 2720 524 2751 fit
549 2721 700 2760 propter
725 2718 944 2752 materiam.“

459 2771 473 2793 4
499 2773 606 2813 Phys.
634 2773 718 2812 VIII,
747 2774 765 2805 5
793 2772 853 2812 (6).

460 2824 474 2847 5
500 2826 701 2866 Responsio
729 2827 763 2858 et
788 2825 917 2858 solutio
944 2825 1163 2868 obiectorum
1189 2826 1389 2864 sequuntur
1413 2825 1507 2856 infra
1532 2834 1565 2864 p.
1595 2825 1659 2856 186
1680 2833 1729 2856 ss.

460 2878 474 2899 6
500 2878 569 2911 Cir.
596 2879 765 2916 Bonav.,
795 2879 859 2919 Op.
887 2887 985 2910 omn.
1012 2878 1034 2916 I,
1066 2878 1129 2910 170
1150 2885 1215 2916 ss.;
1254 2878 1352 2909 Rob.
1380 2877 1685 2916 Grosseteste,
1722 2878 1916 2909 Tractatus
1942 2876 1985 2908 de

322 2931 470 2969 Anima,
498 2940 531 2971 p.
559 2931 623 2963 252
651 2938 718 2969 ss.;
744 2932 948 2970 Thomas,
975 2931 1071 2963 Sem.
1098 2931 1121 2969 Ι,
1144 2939 1175 2970 q.
1198 2932 1228 2969 5,
1250 2939 1281 2962 a.
1304 2931 1340 2968 3;
1367 2930 1401 2962 S.
1429 2930 1488 2967 th„
1517 2939 1550 2970 q.
1572 2930 1626 2968 76,
1653 2939 1684 2962 a.
1707 2930 1746 2969 8;
1774 2930 1833 2970 Cy.
1861 2930 1899 2969 ΙΙ,
1921 2930 1983 2967 72;

324 2983 374 3015 De
394 2983 490 3024 Spir.
512 2984 640 3022 Creat„
668 2993 699 3027 a.
722 2985 758 3023 4;
785 2984 836 3016 De
860 2984 1009 3021 Anima,
1037 2992 1067 3015 a.
1098 2983 1159 3019 10;
1186 2982 1359 3021 scotus,
1387 2982 1438 3014 De
1459 2983 1595 3015 Rerum
1615 2983 1746 3021 Princ„
1768 2991 1800 3023 q.
1824 2983 1875 3021 12,
1895 2982 1982 3019 3.,34

325 3036 655 3074 Montefortino,
683 3037 735 3074 ΙΙΙ,
763 3037 827 3069 524
851 3046 896 3068 ss.
