2095 3459
122 1307 183 1340 fol.
210 1308 309 1340 28‘va

326 211 371 246 90
830 211 1005 243 <Iohannis
1031 210 1198 243 Pechami
1223 210 1474 247 Quaestiones-.

327 310 467 353 aperte
494 307 701 353 distinguit
725 307 766 343 in
793 307 852 343 eis
879 306 983 342 inter
1008 306 1088 342 vim
1115 305 1364 348 sensitivam,
1391 316 1470 351 qua
1491 305 1701 342 sensibilia
1721 307 1983 352 cognoscunt,

332 368 371 403 et
394 367 604 407 rationem,
632 367 709 402 hoc
736 366 798 402 est
822 365 1082 401 intellectum.

464 426 496 461 9.
523 425 621 461 Item
642 424 963 470 Augustinus,
987 423 1073 459 XII.
1088 424 1224 468 Super
1239 423 1356 460 Gen.1
1377 423 1473 459 dicit
1491 424 1598 468 quod
1619 423 1754 460 anima
1774 424 1985 469 cognoscit

327 484 514 521 absentia
538 493 611 528 per
635 493 771 519 rerum
798 482 1090 519 similitudines.
1139 482 1186 518 Et
1208 485 1356 527 postea
1383 483 1559 519 subdit2:
1589 483 1693 526 „Nec
1717 482 1824 518 enim
1850 483 1982 524 video,

327 552 397 579 cur
422 543 570 579 habeat
595 543 731 578 anima
757 541 1057 578 similitudinem
1084 541 1265 587 corporis
1293 541 1355 577 sui
1379 541 1573 577 latentem
1594 541 1682 577 sine
1703 541 1791 586 ipso
1812 551 1983 586 corpore
2003 548 2019 573 5

327 602 506 638 nondum
532 602 668 637 tamen
694 601 855 646 penitus
881 601 1051 642 mortuo,
1079 601 1119 636 et
1144 600 1239 636 talia
1264 601 1386 641 videt,
1420 601 1460 636 et
1485 610 1567 636 non
1592 601 1753 641 habeat,
1781 610 1870 635 cum
1896 609 1984 645 per-

326 661 434 697 fecta
459 661 588 696 morte
614 659 776 705 penitus
803 660 854 695 de
881 669 1053 704 corpore
1081 659 1259 696 exierit.“
1295 659 1401 695 Alibi
1420 660 1555 695 autem
1576 659 1671 695 dicit
1689 659 1831 694 eodem
1852 659 1985 695 libro3

328 719 435 764 quod
463 718 624 764 spiritus
653 719 716 754 est
741 718 901 754 animae
927 718 988 754 vis
1016 719 1216 763 quaedam
1242 717 1418 760 inferior,
1454 718 1521 754 ubi
1554 727 1689 754 rerum
1716 718 1983 762 corporalium

328 777 609 814 similitudines
636 777 924 822 exprimuntur.
974 777 1077 823 Ergo
1114 777 1148 812 si
1183 778 1372 822 separata
1407 777 1537 822 possit
1563 785 1826 822 cognoscere,
1865 776 1985 812 trahit

329 837 449 873 etiam
476 846 615 872 secum
640 836 760 872 istam
786 835 865 871 vim
890 835 1135 877 inferiorem,
1162 836 1230 872 ubi
1255 836 1351 872 talia
1377 835 1666 880 exprimuntur.
2005 841 2036 866 10

467 896 520 931 10.
558 896 657 931 Item
691 895 1040 939 Philosophus4
1073 894 1167 930 dicit
1201 895 1308 940 quod
1341 894 1512 930 felicitas
1546 895 1586 930 et
1611 894 1816 930 infortuna
1841 904 1985 939 prone-

327 955 466 1000 potum
491 954 702 990 immutant
726 953 959 989 felicitatem
986 952 1277 989 defunctorum.
1326 953 1430 999 Ergo
1464 952 1643 989 defuncti
1674 953 1985 997 apprehendunt

329 1023 388 1054 ea,
415 1022 520 1058 quae
547 1013 654 1049 circa
678 1013 791 1058 ipsos
818 1013 1001 1058 aguntur.
1041 1012 1120 1048 Aut
1143 1022 1216 1057 per
1242 1012 1324 1048 vim
1350 1012 1587 1048 sensitivam
1606 1033 1651 1036 —
1672 1013 1712 1047 et
1736 1012 1831 1048 tunc
1851 1012 1983 1048 habeo

327 1071 594 1117 propositum;
630 1072 699 1108 aut
732 1081 806 1116 per
839 1071 920 1107 vim
954 1071 1244 1107 intellectivam
1268 1092 1314 1096 ——
1341 1072 1380 1107 et
1411 1071 1489 1107 hoc
1516 1070 1591 1106 erit
1616 1070 1820 1106 mediante
1848 1080 1983 1106 sensu.

329 1130 444 1171 Quod
479 1131 671 1175 probatur
705 1140 778 1175 per
812 1130 1152 1176 Augustinum,
1184 1130 1249 1166 Ad
1272 1130 1542 1166 Nebridiumss·
1567 1129 1769 1165 dicentem
1796 1130 1903 1174 quod
1928 1129 1984 1165 in·
2005 1139 2036 1164 15

327 1189 510 1235 telligere
537 1189 577 1224 in
603 1189 721 1225 nobis
749 1189 905 1225 duobus
931 1188 1061 1225 modis
1088 1188 1196 1230 <fit>z
1232 1189 1301 1224 aut
1335 1188 1425 1233 ipsa
1459 1198 1532 1233 per
1559 1197 1604 1224 se
1630 1188 1767 1224 mente
1793 1209 1837 1213 —
1862 1189 1904 1224 ut
1929 1188 1985 1224 in—

327 1247 542 1293 telligimus
581 1247 690 1284 circa
726 1247 985 1289 intellectum,
1024 1248 1093 1284 aut
1129 1247 1405 1284 admonitione
1443 1257 1468 1283 a
1494 1247 1682 1283 sensibus
1711 1268 1752 1271 —
1778 1248 1820 1283 ut
1845 1247 1985 1283 intelli-

327 1306 458 1352 gimus
486 1316 580 1342 esse
608 1316 765 1351 corpus.
815 1307 987 1342 Primum
1005 1309 1017 1348 Η
1036 1307 1165 1342 Deum
1189 1307 1452 1348 consulendo,
1480 1307 1703 1342 secundum
1723 1315 1821 1342 vero
1844 1315 1985 1342 secun-

329 1365 421 1401 dum
459 1365 567 1410 quod
604 1375 629 1401 a
666 1374 837 1410 corpore
876 1365 1060 1402 sensibili
1095 1365 1297 1401 communi
1332 1365 1537 1401 nuntiatur
1571 1365 1828 1401 nihilominus
1856 1365 1985 1401 Deum

328 1423 578 1459 consulendo
605 1423 884 1469 intelligimus..
914 1424 954 1460 Si
979 1424 1098 1470 igitur
1123 1424 1258 1460 anima
1284 1425 1474 1469 separata
1499 1434 1581 1460 non
1602 1424 1738 1468 potest
1756 1423 1982 1469 intelligere
2003 1431 2035 1457 20

328 1481 406 1518 nisi
431 1482 559 1518 altero
586 1482 755 1518 istorum
781 1483 1002 1524 modorum,
1031 1483 1070 1518 et
1095 1491 1161 1518 res
1184 1481 1412 1518 exteriores
1431 1481 1629 1527 intelligat
1649 1482 1829 1517 secundo
1851 1482 1983 1523 modo,

328 1541 405 1577 hoc
432 1542 494 1577 est
519 1541 725 1577 mediante
753 1551 888 1583 sensu,
917 1550 1013 1587 ergo
1040 1542 1127 1584 <et>
1153 1542 1343 1585 separata
1368 1541 1490 1576 utitur
1516 1550 1651 1576 sensu.

467 1601 520 1635 11.
547 1599 645 1635 Item
671 1599 769 1635 nihil
794 1610 943 1636 vanum
969 1601 1032 1636 est
1056 1600 1097 1636 in
1123 1600 1301 1635 naturae.
1352 1599 1509 1635 Vanum
1535 1600 1671 1635 autem
1692 1600 1754 1635 est
1774 1600 1881 1644 quod
1901 1609 1983 1635 non

328 1659 493 1695 devenit
518 1659 569 1694 ad
595 1658 645 1700 id,
672 1659 723 1694 ad
750 1659 857 1704 quod
884 1660 947 1695 est
966 1669 1040 1704 per
1059 1660 1254 1695 naturam.
1303 1658 1407 1703 Ergo
1432 1668 1522 1694 cum
1543 1658 1740 1694 sensitiva
1760 1659 1982 1703 separetur,

328 1718 362 1753 si
387 1728 470 1754 non
497 1718 629 1759 sentit,
655 1727 762 1754 vana
788 1719 860 1754 est.
2001 1723 2035 1749 2⁵

466 1777 520 1812 12.
554 1776 653 1812 Item
679 1777 730 1812 ad
755 1777 834 1812 hoc
860 1778 932 1819 est,
959 1777 1067 1822 quod
1093 1786 1175 1812 non
1202 1778 1265 1813 est
1291 1776 1518 1812 substantia
1553 1785 1641 1812 sine
1676 1775 1868 1820 potentia,
1906 1785 1983 1812 nec

326 1835 393 1871 illa
419 1836 508 1872 sine
535 1835 784 1880 operatione.
822 1835 926 1881 Ergo
947 1835 981 1871 51
1000 1835 1197 1871 sensitiva
1218 1836 1430 1880 separatur
1456 1835 1679 1870 secundum
1706 1834 1981 1875 substantiam,

327 1894 539 1939 separatur
565 1894 687 1930 etiam
714 1895 938 1931 secundum
964 1894 1187 1939 potentiam
1214 1895 1254 1930 et
1280 1894 1562 1939 operationem
1589 1893 1837 1929 sensitivam.

466 1954 519 1989 13.
551 1953 649 1989 Item
675 1953 810 1989 anima
837 1963 885 1990 eo
914 1954 1021 1998 quod
1048 1953 1122 1989 Dei
1147 1953 1280 1998 imago
1308 1954 1381 1994 est,
1413 1954 1522 1995 <est>
1549 1951 1725 1988 omnium
1753 1951 1980 1988 similitudo.

327 2011 407 2048 Sed
446 2012 669 2048 secundum
706 2012 1075 2057 Philosophum7
1112 2012 1247 2047 anima
1285 2012 1348 2047 est
1391 2011 1589 2047 sensitiva
1625 2020 1699 2055 per
1736 2020 1902 2046 sensum
1941 2011 1981 2046 et
1999 2021 2033 2046 30

326 2070 573 2106 intellectiva
597 2080 672 2115 per
696 2070 955 2107 intellectum.
1004 2071 1108 2116 Ergo
1135 2071 1169 2106 si
1195 2071 1386 2115 separata
1413 2071 1475 2106 est
1509 2070 1653 2115 imago,
1693 2070 1884 2114 separata
1919 2070 1982 2105 est

327 2129 504 2165 omnium
530 2129 746 2165 similitudo
773 2130 1033 2166 sensibilium.
1082 2130 1129 2165 Et
1154 2130 1209 2166 ita
1234 2131 1357 2166 habet
1383 2139 1549 2165 sensum
1575 2129 1774 2173 separata.

464 2189 517 2223 14.
542 2188 641 2224 Item
668 2188 771 2224 sicut
797 2198 842 2224 se
868 2189 991 2225 habet
1017 2198 1164 2225 sensus
1190 2189 1241 2224 ad
1269 2188 1475 2228 sensibile,
1511 2187 1566 2223 ita
1592 2187 1819 2223 intellectus
1847 2187 1896 2222 ad
1924 2186 1980 2221 in-

326 2246 542 2292 telligibile.
579 2246 683 2292 Ergo
706 2248 746 2283 et
764 2248 1030 2292 permutatim.
1070 2248 1149 2284 Sed
1169 2248 1230 2283 vis
1253 2247 1449 2283 sensitiva
1468 2256 1687 2291 numquam
1713 2245 1981 2290 apprehendit

326 2305 528 2341 obiectum
548 2305 819 2351 intelligibile;
847 2315 944 2352 ergo
965 2316 1042 2342 nec
1062 2306 1122 2342 vis
1143 2306 1391 2342 intellectiva
1411 2305 1613 2342 obiectum
1633 2304 1838 2340 sensibile.
1875 2303 1979 2349 Ergo
2000 2313 2033 2338 35

327 2364 360 2400 si
386 2364 597 2410 cognoscit
623 2365 832 2401 sensibilia
858 2366 1058 2410 separata,
1085 2366 1161 2401 hoc
1189 2366 1251 2401 est
1277 2365 1480 2401 mediante
1503 2373 1638 2399 sensu.
1678 2362 1982 2407 Consequentia

325 2424 536 2468 probatur:
577 2422 678 2463 Quia
712 2424 918 2468 proportio
956 2426 1019 2460 est
1043 2424 1148 2460 inter
1173 2423 1395 2469 potentiam
1422 2424 1462 2459 et
1489 2423 1701 2459 obiectum.
1750 2421 1797 2457 Et
1823 2421 1981 2467 dignior

325 2482 509 2527 potentia
533 2483 628 2527 eget
653 2482 812 2518 obiecto
840 2483 967 2528 magis
995 2484 1208 2519 abstracto.

466 2593 484 2624 5
511 2590 640 2630 anima]
667 2592 821 2624 animam
895 2592 935 2624 18
962 2591 1168 2630 secundum]
1194 2592 1352 2624 secundo
1424 2592 1466 2623 22
1493 2590 1559 2629 est]
1584 2590 1619 2628 -Ι-
1644 2591 1710 2622 erit
1796 2590 1838 2622 28
1862 2589 1980 2628 etiam]

326 2646 444 2678 autem
516 2645 558 2677 29
580 2643 711 2685 imago]
732 2645 940 2685 imaginatio
999 2644 1166 2684 omnium]
1187 2645 1329 2677 omnino
1402 2645 1441 2676 31
1462 2643 1693 2683 intellectiva]
1708 2643 1980 2684 intelligibilium

465 2738 477 2761 1
503 2740 571 2778 XII,
599 2740 641 2772 24
667 2738 738 2779 (PL
763 2741 816 2779 34,
844 2741 909 2772 475
935 2749 967 2772 n.
996 2739 1065 2779 51).
1205 2738 1220 2760 2
1245 2748 1273 2771 c.
1302 2740 1343 2771 32
1370 2737 1429 2778 (ib.
1458 2739 1522 2771 480
1548 2748 1581 2771 11.
1608 2736 1675 2777 60).

463 2792 478 2814 3
502 2801 531 2825 6.
558 2793 577 2825 9
604 2791 664 2831 (ib.
693 2793 756 2824 461
784 2802 816 2825 n.
844 2792 912 2832 20).
1054 2791 1068 2813 4
1093 2793 1205 2825 Ethic.
1232 2792 1255 2831 I,
1284 2793 1335 2824 11.

463 2845 478 2868 5
502 2846 568 2886 Ep.
595 2846 638 2878 13
663 2841 770 2887 (alias
797 2844 878 2885 218)
905 2844 975 2885 (PL
1001 2846 1054 2884 33,
1082 2846 1124 2878 78
1147 2850 1182 2877 n.
1211 2844 1256 2884 4).

463 2898 477 2920 ⁶
503 2899 571 2931 Cir.
599 2899 706 2938 Phys.
733 2899 771 2938 ΙΙ,
799 2899 818 2931 6
844 2897 946 2938 (text.
974 2897 1044 2938 62),
1079 2899 1139 2931 ubi
1172 2898 1468 2938 Philosophus
1503 2897 1607 2929 docet
1632 2897 1765 2928 frustra
1790 2897 1825 2928 et
1850 2904 1980 2927 vanum

326 2961 408 2984 esse
443 2952 477 2984 id
513 2952 606 2992 quod
638 2952 837 2984 ordinatum
872 2953 927 2983 est
961 2952 1006 2984 ad
1039 2952 1195 2992 aliquem
1230 2951 1348 2990 finem,
1385 2959 1489 2990 quem
1521 2958 1591 2981 non
1617 2949 1858 2989 consequitur.
1910 2948 1979 2980 Cir.

326 3005 434 3037 etiam
458 3005 509 3037 De
535 3005 645 3038 Caelo
670 3005 693 3044 Ι,
722 3005 740 3037 4
767 3003 868 3044 (text.
896 3003 964 3044 32).
1053 3008 1056 3009 ’

462 3055 476 3079 7
502 3058 631 3090 Nescio
658 3066 728 3098 quo
753 3058 842 3090 1060.
