2095 3459
296 197 362 231 188
801 196 975 228 <Iohannis
1004 195 1170 227 Pechami
1195 194 1445 230 Quaestiones.

434 294 658 330 Dicendum
689 292 808 338 igitur
843 292 951 337 quod
976 291 1018 326 in
1044 290 1143 336 ipsis
1170 289 1407 326 substantiis
1435 289 1708 334 spiritualibus
1736 291 1799 325 est
1825 289 1957 325 diver-

297 353 395 389 sitas
430 352 603 398 partium
635 351 830 387 materiae
865 350 1201 391 substantialium,
1235 348 1331 385 licet
1356 358 1439 385 non
1466 340 1517 384 sit
1543 348 1758 384 diversitas
1784 348 1957 393 partium

298 411 661 448 dimensionalium.

95 488 135 524 C.
156 487 297 523 XXVI.
507 487 761 532 Responsio
787 487 871 529 <ad
896 486 1212 531 quaestionem
1239 485 1506 521 vicesimam
1532 486 1744 526 sextam>.

436 558 499 594 Ad
530 558 753 594 secundam
786 557 1070 602 quaestionem.
1109 556 1335 596 dicendum,
1374 555 1482 599 quod
1515 564 1657 590 omnes
1693 555 1995 591 communiter5

300 618 436 653 dicunt
466 617 642 653 animam
672 617 914 652 rationalem
941 625 1037 652 esse
1064 615 1104 651 in
1136 614 1315 660 qualibet
1340 615 1456 659 parte
1484 614 1666 658 corporis
1693 615 1828 650 totam.
1879 613 1961 650 Sed

301 676 454 712 diversi
478 676 572 711 sunt
597 675 707 711 modi
732 676 810 711 hoc
835 674 1026 719 ponendi.

439 734 609 774 Quidam
639 734 746 769 enim
782 734 945 769 dicunt1
982 733 1100 778 quod,
1136 733 1231 768 licet
1255 733 1341 768 tota
1367 731 1419 767 sit
1443 741 1517 776 per
1543 731 1765 767 essentiam
1788 731 1829 767 in
1868 741 1963 776 qua-

300 794 397 830 libet
422 794 548 838 parte,
575 803 657 829 non
682 795 820 829 tamen
845 794 930 828 tota
956 794 1019 828 est
1045 792 1179 837 quoad
1205 801 1348 827 omnes
1375 790 1591 836 potentias.
1641 790 1826 826 Potentia
1853 790 1961 826 enim

300 852 440 893 visiva,
466 853 509 888 ut
535 852 682 893 dicunt,
708 861 790 887 non
817 853 880 887 est
905 852 945 887 in
972 852 1088 896 pede,
1116 851 1189 887 sed
1217 851 1258 885 in
1285 850 1413 886 oculo.
1985 852 2016 877 ¹0

444 910 623 951 Quorum
657 911 760 946 ratio
788 911 862 952 est,
900 910 995 955 quia
1029 909 1282 946 substantiae
1310 909 1506 953 spirituali
1531 918 1614 944 non
1641 908 1812 944 debetur
1836 908 1963 949 locus,

301 971 379 1006 nisi
398 972 565 1015 propter
585 970 876 1015 operationem,
898 969 992 1014 quia
1010 979 1085 1014 per
1104 970 1208 1005 hanc
1229 968 1356 1004 solam
1377 967 1647 1003 communicat
1667 977 1757 1003 cum
1779 976 1963 1011 corpore.

437 1029 485 1064 Et
505 1029 597 1065 hinc
624 1030 686 1065 est
712 1030 831 1074 quod,
858 1038 947 1064 cum
973 1028 1203 1064 intellectus
1224 1037 1305 1063 non
1326 1027 1532 1071 dependet
1552 1026 1716 1062 omnino
1736 1035 1761 1061 a
1781 1034 1964 1070 corpore,

302 1098 500 1133 nusquam
529 1089 591 1124 est
616 1088 656 1123 in
682 1097 867 1133 corpore.

441 1147 521 1183 Sed
546 1147 640 1182 illud
667 1147 826 1182 videtur
850 1146 1007 1187 falsum,
1034 1146 1128 1190 quia
1149 1144 1332 1190 potentia
1357 1153 1439 1179 non
1466 1145 1679 1189 separatur
1698 1145 1750 1180 ab
1771 1143 1962 1179 essentia.
1987 1151 2017 1176 15

251 1212 253 1214 ’
301 1206 404 1252 Ergo
437 1206 680 1250 ubicumque
714 1207 777 1241 est
803 1205 996 1246 essentia,
1037 1206 1100 1240 est
1137 1204 1342 1249 quaelibet
1375 1203 1462 1239 eius
1495 1202 1688 1247 potentia..
1745 1202 1965 1238 Praeterea

94 1270 155 1302 rol.
176 1271 218 1301 34
229 1270 277 1301 rb
301 1265 552 1301 substantiae
579 1264 777 1309 spirituali
801 1264 913 1309 prius
941 1265 1003 1300 est
1030 1273 1122 1299 esse
1144 1272 1263 1308 quam
1284 1262 1457 1308 operari.
1495 1261 1599 1307 Ergo
1620 1262 1731 1307 prius
1753 1262 1816 1298 est
1835 1271 1930 1298 esse
1948 1264 1962 1303 ΙΙ

298 1324 340 1360 in
364 1325 455 1360 loco
482 1333 602 1368 quam
630 1323 791 1368 operari
816 1323 857 1358 in
882 1324 985 1359 loco.

439 1383 664 1418 Dicendum
698 1382 819 1428 igitur
853 1382 961 1427 quod
997 1381 1132 1417 anima
1168 1381 1231 1417 est
1256 1381 1297 1416 in
1324 1380 1504 1425 qualibet
1529 1381 1644 1425 parte
1672 1380 1855 1425 corporis
1881 1380 1967 1416 tota

302 1452 374 1488 per
401 1441 634 1483 essentiam,
661 1441 756 1486 quia
781 1441 903 1477 habet
929 1440 1302 1481 indivisibilitatem,
1329 1449 1411 1475 non
1430 1439 1627 1480 situalem,
1655 1439 1730 1475 sed
1749 1439 1966 1475 animalem
1986 1445 2020 1470 20

304 1503 343 1537 et
386 1500 653 1546 quantitatem
699 1500 922 1541 virtualem,
970 1498 1182 1544 quantitati
1221 1498 1504 1535 dimensionali
1541 1498 1885 1543 proprionabilem
1926 1498 1967 1534 in

303 1559 505 1596 movendo
544 1560 584 1595 et
621 1559 887 1604 perficiendo.
938 1558 1055 1594 Unde
1094 1558 1298 1603 quantitas
1328 1558 1394 1593 vel
1425 1557 1651 1602 aequalitas
1677 1557 1968 1602 complicabilis

302 1619 526 1664 respondet
561 1618 814 1654 substantiae
849 1617 1010 1653 animae
1046 1616 1302 1662 simplicitati,
1341 1618 1381 1653 et
1407 1616 1625 1653 diversitas
1652 1616 1968 1662 organizationis

303 1678 527 1723 respondet
560 1677 842 1722 multiplicitati
876 1676 1150 1721 potentiarum
1175 1676 1348 1712 animae.
1398 1675 1445 1711 Et
1470 1676 1638 1720 propter
1662 1676 1740 1711 hoc
1766 1676 1968 1720 quaedam

304 1738 367 1773 est
391 1736 629 1773 assimilatio
657 1736 892 1781 quantitatis
919 1735 1101 1771 virtualis
1129 1736 1170 1771 et
1195 1735 1430 1779 quantitatis
1458 1734 1775 1771 dimensionalis.
1987 1745 2022 1770 25

443 1794 559 1835 Quod
584 1796 719 1830 autem
745 1794 912 1839 impedit
931 1794 1129 1835 homines
1156 1803 1208 1829 ne
1229 1794 1306 1829 hoc
1326 1803 1475 1839 capere
1496 1793 1656 1838 possint
1675 1794 1748 1835 est,
1775 1793 1844 1839 qui
1863 1794 1969 1830 male

303 1854 574 1900 imaginantur
594 1853 891 1898 simplicitatem
910 1853 1083 1894 animae,
1113 1862 1234 1897 quam
1258 1854 1414 1898 ponunt
1443 1853 1595 1888 habere
1623 1853 1827 1897 quandam
1853 1853 1971 1898 quasi

304 1913 563 1959 punctualem
589 1912 958 1957 impartibilitatem.
993 1912 1138 1948 Errant
1158 1912 1332 1956 quidem,
1353 1911 1556 1956 quoniam,
1584 1911 1687 1947 sicut
1713 1911 1808 1948 dicit
1832 1911 1969 1958 Hugo

305 1972 346 2008 in
371 1972 472 2008 libro
500 1971 559 2008 De
589 1972 734 2007 Tribus
758 1972 917 2007 Dietis2
949 1971 1186 2016 simplicitas
1212 1970 1254 2006 in
1280 1970 1560 2016 corporalibus
1594 1970 1689 2007 dicit
1713 1971 1969 2018 parvitatem,

305 2031 346 2066 in
372 2031 646 2075 spiritualibus
673 2030 769 2066 dicit
795 2030 1001 2071 unitatem,
1028 2039 1110 2065 non
1135 2030 1389 2075 parvitatem.
1989 2038 2023 2063 30

444 2089 553 2125 Deus
579 2089 752 2134 simplex
779 2091 842 2125 est
868 2090 908 2125 et
933 2099 1009 2125 sua
1034 2088 1269 2133 simplicitas
1291 2088 1400 2124 omni
1420 2089 1632 2125 creaturae
1653 2089 1971 2125 communicatur

305 2148 642 2193 praesentialiter.
693 2148 821 2188 Quam
848 2148 1145 2193 simplicitatem
1171 2147 1306 2183 anima
1332 2157 1406 2183 suo
1426 2148 1548 2184 modo
1568 2147 1746 2184 imitatur
1758 2151 1783 2190 3,
1810 2148 1851 2184 θῖ
1874 2148 1969 2185 ideo

306 2207 346 2243 in
381 2217 454 2243 suo
490 2207 634 2243 minori
668 2207 817 2243 mundo
853 2208 938 2243 tota
963 2207 1112 2252 ubique
1139 2206 1352 2242 invenitur.
1402 2206 1523 2242 Cuius
1551 2207 1782 2251 exemplum
1808 2207 1971 2252 ponitur

307 2267 356 2301 de
382 2266 684 2302 immortalitate
710 2266 750 2301 in
777 2276 949 2311 corpore
975 2266 1166 2312 glorioso,
1193 2275 1298 2310 quae
1324 2266 1439 2301 tanta
1465 2266 1528 2302 est
1552 2265 1592 2301 in
1612 2266 1728 2310 parte
1755 2267 1798 2301 ut
1817 2266 1858 2302 in
1872 2267 1968 2302 toto.

309 2324 387 2361 Sed
421 2325 516 2361 illud
552 2326 782 2370 exemplum
817 2326 923 2361 bene
950 2325 1139 2365 ostendit,
1175 2325 1283 2369 quod
1309 2325 1423 2360 tanta
1447 2324 1498 2360 sit
1523 2324 1563 2360 in
1589 2325 1705 2369 parte
1731 2325 1773 2360 ut
1798 2325 1838 2360 in
1864 2325 1949 2361 toto
1959 2334 1968 2369 ;
1987 2332 2022 2357 35

307 2385 379 2420 sed
404 2394 488 2420 non
514 2385 692 2420 ostendit
717 2385 825 2429 quod
852 2384 997 2420 eadem
1024 2384 1075 2419 sit
1100 2384 1140 2419 in
1166 2384 1282 2429 parte
1310 2384 1351 2420 et
1376 2383 1417 2419 in
1446 2384 1542 2425 toto,
1580 2383 1685 2419 sicut
1719 2393 1796 2420 nec
1822 2384 1969 2420 eadem

308 2441 586 2479 immortalitas
606 2443 646 2478 in
667 2453 789 2479 manu
809 2444 849 2479 et
868 2443 908 2478 in
929 2443 1034 2488 pede
1055 2443 1278 2478 secundum
1292 2442 1410 2484 idem,
1438 2443 1511 2478 sed
1524 2452 1598 2487 per
1611 2442 1969 2484 continuationem,

309 2501 413 2537 sicut
437 2502 583 2537 albedo
609 2502 649 2537 in
677 2502 905 2547 superficie.
956 2502 1058 2538 Vide
1093 2502 1214 2547 igitur
1240 2502 1348 2547 quod
1382 2502 1495 2538 tanta
1520 2502 1583 2537 est
1607 2502 1887 2538 immortalitas
1913 2502 1971 2538 in-

308 2560 479 2601 tensive,
507 2561 580 2597 sed
605 2570 688 2596 non
715 2561 930 2597 extensive
956 2561 997 2597 in
1022 2562 1138 2606 parte
1165 2562 1207 2596 ut
1232 2561 1272 2597 in
1292 2562 1388 2597 toto.
1433 2560 1555 2596 Cuius
1572 2561 1675 2597 ratio
1697 2562 1760 2597 est
1780 2561 1969 2597 extensio

310 2619 574 2656 substantiae.
624 2619 728 2666 Ergo
767 2630 842 2665 per
878 2620 1128 2665 oppositum:
1167 2620 1244 2656 Ubi
1281 2621 1345 2656 est
1381 2619 1556 2656 intensio
1594 2620 1682 2656 sine
1710 2620 1967 2662 extensione,
1987 2625 2022 2650 40

448 2719 467 2750 2
494 2718 794 2758 substantialium]
817 2718 854 2757 -Ιμ
872 2719 961 2759 ipsis
982 2719 1194 2751 substantiis
1214 2719 1474 2758 spiritualibus;
1494 2720 1528 2751 et
1547 2718 1669 2750 altera
1688 2727 1828 2751 manus
1846 2719 1971 2751 addit:

310 2773 563 2805 creaturarum.
631 2772 674 2804 20
694 2771 897 2811 animalem]
917 2774 1136 2812 corruptum
1155 2780 1234 2804 esse
1251 2771 1398 2803 videtur
1464 2771 1506 2803 22
1527 2772 1708 2812 quantitas
1725 2771 1796 2810 vel]
1816 2771 1971 2804 additur

311 2826 358 2858 ab
384 2826 503 2858 altera
529 2833 649 2857 manu
728 2825 770 2857 23
797 2824 1091 2866 organizationis]
1117 2825 1318 2864 corm'yuur
1344 2824 1391 2856 ab
1418 2824 1539 2857 altera
1563 2833 1682 2857 manu
1776 2825 1819 2857 35
1845 2824 1969 2857 Sed—

311 2880 348 2910 ut
371 2879 406 2911 in
431 2877 518 2917 toto]
545 2878 699 2910 additur
722 2879 763 2910 in
787 2879 960 2918 margine
985 2878 1032 2910 ab
1059 2878 1180 2910 altera
1204 2885 1323 2910 manu

449 2959 461 2982 1
488 2961 543 2993 Ad
569 2961 759 3001 sequentia
783 2961 846 2992 cir.
872 2961 1040 2999 Bonav.‚
1070 2960 1134 3001 Op.
1162 2969 1259 2992 omn.
1286 2960 1310 2998 Ι,
1338 2960 1403 2991 170
1428 2957 1516 2998 (Sed
1539 2959 1696 2999 contra).

448 3013 464 3035 2
487 3014 570 3046 Did.
596 3014 634 3052 II,
663 3014 704 3046 19
730 3012 801 3053 (PL
828 3014 903 3051 176,
931 3013 996 3045 828
1017 3013 1072 3051 D).

450 3066 464 3088 3
489 3066 558 3099 Cir.
586 3067 636 3098 De
661 3066 804 3107 Spiritu
830 3069 862 3099 et
886 3066 1034 3103 Anima,
1061 3075 1140 3106 cap.
1170 3067 1209 3097 13
1237 3066 1271 3097 in
1299 3066 1380 3097 iinc.
